Local time,Ask,Bid,AskVolume,BidVolume
26.10.2016 00:00:01.967,1.21814,1.2179200000000001,1.5,1
26.10.2016 00:00:05.435,1.21814,1.21791,1.12,3.37
26.10.2016 00:00:06.665,1.21814,1.21791,3,3
26.10.2016 00:00:10.055,1.21814,1.21793,2.25,2.25
26.10.2016 00:01:02.427,1.21814,1.21793,2.25,2.25
26.10.2016 00:01:05.371,1.21814,1.21793,3.37,3
26.10.2016 00:01:10.278,1.21805,1.21791,1,1.87
26.10.2016 00:01:10.329,1.21805,1.21791,1.5,2.25
26.10.2016 00:01:10.852,1.2180600000000001,1.21791,2.25,1.5
26.10.2016 00:01:12.836,1.2180600000000001,1.2179,1.5,1.5
26.10.2016 00:01:13.381,1.2180600000000001,1.21791,1.5,1.5
26.10.2016 00:01:13.635,1.21805,1.21789,1,1.5
26.10.2016 00:01:19.619,1.21805,1.21788,1,2.25
26.10.2016 00:01:40.084,1.21804,1.21788,1,1.5
26.10.2016 00:01:55.532,1.21798,1.21788,2.25,1.5
26.10.2016 00:01:55.648,1.21802,1.21784,1.12,1
26.10.2016 00:01:56.159,1.21803,1.21784,1.5,1.37
26.10.2016 00:02:01.727,1.21802,1.21785,1,1
26.10.2016 00:02:02.230,1.21803,1.21784,1.75,1.5
26.10.2016 00:02:02.736,1.21802,1.21784,1.5,1
26.10.2016 00:02:06.317,1.21802,1.21784,2.62,1
26.10.2016 00:02:07.333,1.21798,1.21784,1,1
26.10.2016 00:02:11.246,1.21798,1.21783,1.5,1.5
26.10.2016 00:02:11.777,1.21798,1.2178200000000001,1,2.62
26.10.2016 00:02:12.082,1.21798,1.21785,1,1
26.10.2016 00:02:13.378,1.21798,1.21784,1,1
26.10.2016 00:02:14.272,1.2179600000000002,1.21784,1,1
26.10.2016 00:02:16.274,1.2179700000000002,1.21784,1.87,1
26.10.2016 00:02:16.842,1.2179700000000002,1.21784,1.87,1
26.10.2016 00:02:17.557,1.2179700000000002,1.2178200000000001,1.12,3
26.10.2016 00:02:17.912,1.2179700000000002,1.21784,1.37,1
26.10.2016 00:02:18.065,1.21803,1.2178700000000002,3,1
26.10.2016 00:02:18.167,1.21802,1.21789,1,1
26.10.2016 00:02:18.471,1.218,1.21791,1.5,1
26.10.2016 00:02:19.032,1.21801,1.21791,1.87,1
26.10.2016 00:02:19.816,1.21802,1.21791,2.25,1
26.10.2016 00:02:20.229,1.2179900000000001,1.21791,1,1
26.10.2016 00:02:20.281,1.218,1.2178600000000002,1,1
26.10.2016 00:02:21.300,1.21801,1.2178600000000002,2.25,1
26.10.2016 00:02:21.695,1.218,1.21784,1,1
26.10.2016 00:02:22.226,1.218,1.21784,2.25,1
26.10.2016 00:02:24.040,1.218,1.21784,1.12,1
26.10.2016 00:02:24.970,1.218,1.21783,2.25,1
26.10.2016 00:02:29.462,1.2179900000000001,1.21783,1.37,1
26.10.2016 00:02:30.480,1.2179700000000002,1.21783,1,1
26.10.2016 00:02:37.382,1.2179700000000002,1.21785,1.12,1
26.10.2016 00:02:38.183,1.2179900000000001,1.21785,1.12,1
26.10.2016 00:02:42.377,1.2179900000000001,1.21785,1.37,1
26.10.2016 00:02:51.219,1.218,1.21785,2.25,1
26.10.2016 00:02:51.371,1.21803,1.21785,3.37,1
26.10.2016 00:02:51.676,1.218,1.21785,1,1
26.10.2016 00:02:55.750,1.218,1.21784,1,1
26.10.2016 00:02:56.277,1.218,1.21785,1,1
26.10.2016 00:02:56.784,1.218,1.21784,1.5,1
26.10.2016 00:02:59.438,1.218,1.2178600000000002,1.87,1
26.10.2016 00:03:11.327,1.2179900000000001,1.2178600000000002,1,1
26.10.2016 00:03:12.374,1.21798,1.2178600000000002,1,1
26.10.2016 00:03:12.455,1.21798,1.21784,1.5,1
26.10.2016 00:03:13.419,1.2179700000000002,1.21784,1,1
26.10.2016 00:03:21.546,1.2179700000000002,1.2178200000000001,1.12,3
26.10.2016 00:03:22.243,1.2179700000000002,1.21784,1.12,1
26.10.2016 00:03:22.766,1.2179700000000002,1.21785,1.12,1
26.10.2016 00:03:23.466,1.2179600000000002,1.21785,1,1
26.10.2016 00:03:24.486,1.21798,1.21785,2.62,1
26.10.2016 00:03:25.146,1.21798,1.2178700000000002,1.12,1
26.10.2016 00:03:29.208,1.21798,1.2178700000000002,1.37,1
26.10.2016 00:03:32.579,1.2179700000000002,1.2178600000000002,1,1
26.10.2016 00:03:43.842,1.21798,1.2178600000000002,1.12,1
26.10.2016 00:03:48.094,1.2179700000000002,1.2178600000000002,1,1
26.10.2016 00:03:49.395,1.2179700000000002,1.21785,1,1
26.10.2016 00:04:04.181,1.2179700000000002,1.21784,1,1
26.10.2016 00:04:05.036,1.21798,1.21784,1.12,1
26.10.2016 00:04:05.576,1.21798,1.21785,1.12,1
26.10.2016 00:04:06.470,1.21798,1.2178700000000002,1.12,1
26.10.2016 00:04:06.675,1.21798,1.21785,1.12,1
26.10.2016 00:04:09.393,1.21798,1.2178600000000002,1,1
26.10.2016 00:04:12.508,1.21798,1.2178600000000002,1.37,1
26.10.2016 00:04:13.694,1.2179600000000002,1.21785,1,1
26.10.2016 00:04:13.897,1.2179600000000002,1.2178700000000002,1,1
26.10.2016 00:04:14.693,1.21798,1.2178700000000002,1.37,1
26.10.2016 00:04:15.476,1.21798,1.21785,1.37,1
26.10.2016 00:04:17.241,1.2179700000000002,1.2178600000000002,1.12,1
26.10.2016 00:04:18.117,1.21798,1.21785,1.37,1
26.10.2016 00:04:23.982,1.2179600000000002,1.21785,1,1
26.10.2016 00:04:24.491,1.2179600000000002,1.2178600000000002,1,1
26.10.2016 00:04:36.028,1.21794,1.2178600000000002,1,1
26.10.2016 00:04:39.112,1.21794,1.21785,1,1
26.10.2016 00:04:40.197,1.21793,1.21785,1,1
26.10.2016 00:04:42.347,1.21793,1.2178600000000002,1.37,1
26.10.2016 00:04:42.793,1.21793,1.2178600000000002,1.27,1
26.10.2016 00:04:42.895,1.21793,1.2178600000000002,1.12,1
26.10.2016 00:04:43.820,1.21793,1.21788,1,1
26.10.2016 00:04:44.550,1.21794,1.21788,1,1
26.10.2016 00:04:44.854,1.21794,1.2178600000000002,1,1
26.10.2016 00:04:47.276,1.21795,1.2178600000000002,1,1
26.10.2016 00:04:48.128,1.21795,1.2178700000000002,1,1
26.10.2016 00:04:48.896,1.21795,1.2178600000000002,1,1
26.10.2016 00:04:50.865,1.21795,1.21785,1.12,1
26.10.2016 00:04:52.126,1.21795,1.2178700000000002,1.12,1
26.10.2016 00:04:52.763,1.2179700000000002,1.2178600000000002,1.12,1
26.10.2016 00:04:53.880,1.21798,1.2178600000000002,1.12,1
26.10.2016 00:05:00.976,1.21798,1.2178600000000002,1.37,1
26.10.2016 00:05:01.634,1.21798,1.21785,1.37,1
26.10.2016 00:05:01.736,1.21795,1.21785,1,1
26.10.2016 00:05:01.838,1.21794,1.21781,1.5,2.25
26.10.2016 00:05:02.550,1.2179700000000002,1.2179,1,1
26.10.2016 00:05:02.606,1.21803,1.2179,1.87,1
26.10.2016 00:05:03.130,1.21804,1.21791,1.5,1
26.10.2016 00:05:03.638,1.21805,1.21791,1.5,2.25
26.10.2016 00:05:07.284,1.21805,1.2179200000000001,1.5,1
26.10.2016 00:05:07.478,1.21805,1.21794,1.5,1
26.10.2016 00:05:09.267,1.21805,1.21791,2.25,2.25
26.10.2016 00:05:09.598,1.21805,1.21798,1,2.25
26.10.2016 00:05:09.802,1.2181700000000002,1.21803,1.87,1.5
26.10.2016 00:05:10.318,1.2182,1.21802,1.12,1.5
26.10.2016 00:05:10.486,1.21818,1.21802,1,1.5
26.10.2016 00:05:10.538,1.2182,1.21802,1.12,1.5
26.10.2016 00:05:10.869,1.21811,1.21802,1,1.5
26.10.2016 00:05:11.637,1.21812,1.21794,1.37,1.5
26.10.2016 00:05:12.573,1.21812,1.21794,1.87,1
26.10.2016 00:05:13.213,1.21812,1.2179900000000001,1,1.5
26.10.2016 00:05:13.267,1.21815,1.2179900000000001,1.5,1.5
26.10.2016 00:05:14.132,1.2181600000000001,1.218,1.5,1.5
26.10.2016 00:05:18.121,1.2182,1.21801,1,2.62
26.10.2016 00:05:19.048,1.21819,1.21803,1,1
26.10.2016 00:05:22.865,1.21819,1.2180600000000001,1,2.92
26.10.2016 00:05:23.018,1.2182600000000001,1.2180900000000001,2.62,1
26.10.2016 00:05:23.936,1.21825,1.2181,2.25,1.5
26.10.2016 00:05:25.122,1.21825,1.2180900000000001,3,2.25
26.10.2016 00:05:28.879,1.2182,1.21808,1,1.5
26.10.2016 00:05:29.082,1.2181700000000002,1.21802,1.5,1.75
26.10.2016 00:05:29.460,1.21819,1.218,1.75,2.25
26.10.2016 00:05:34.320,1.2182,1.218,3,3
26.10.2016 00:05:34.371,1.2182,1.218,3,3.37
26.10.2016 00:05:43.029,1.2181600000000001,1.21801,1,1.75
26.10.2016 00:05:43.536,1.2182,1.21801,3,1.75
26.10.2016 00:06:07.508,1.2181700000000002,1.21803,1.87,1.5
26.10.2016 00:06:08.042,1.21818,1.21802,3,1.5
26.10.2016 00:06:08.566,1.21818,1.21803,1.5,1.5
26.10.2016 00:06:15.491,1.2182,1.21802,2.25,1.5
26.10.2016 00:06:18.787,1.2181700000000002,1.2179900000000001,1.12,1.75
26.10.2016 00:06:19.294,1.2181600000000001,1.21801,1,1
26.10.2016 00:06:31.435,1.2181600000000001,1.21801,1.37,1
26.10.2016 00:06:31.899,1.21813,1.2179600000000002,1.5,1.75
26.10.2016 00:06:32.153,1.21813,1.2179700000000002,1.5,1.12
26.10.2016 00:06:32.357,1.21811,1.2179700000000002,1,1.12
26.10.2016 00:06:32.561,1.21811,1.21794,1.12,1.5
26.10.2016 00:06:33.241,1.21811,1.2179,1.87,3.37
26.10.2016 00:06:36.833,1.2180900000000001,1.21791,1.37,2.25
26.10.2016 00:06:39.025,1.2180900000000001,1.2179,3.37,1.75
26.10.2016 00:07:00.929,1.2181,1.2179200000000001,1.87,1.5
26.10.2016 00:07:04.029,1.2180900000000001,1.2179200000000001,1.12,1.5
26.10.2016 00:07:09.043,1.21811,1.21793,2.62,1
26.10.2016 00:07:09.778,1.21811,1.21793,1.87,1
26.10.2016 00:07:09.930,1.21811,1.21791,1.5,3.37
26.10.2016 00:07:16.945,1.21811,1.21795,1.5,3.37
26.10.2016 00:07:17.453,1.21812,1.21795,1,4.12
26.10.2016 00:07:17.758,1.21813,1.21798,1.5,1.75
26.10.2016 00:07:41.948,1.21814,1.2179900000000001,1.5,1.5
26.10.2016 00:07:42.458,1.21813,1.2179900000000001,1.12,1.5
26.10.2016 00:07:44.875,1.21814,1.2179900000000001,2.62,1.5
26.10.2016 00:07:46.158,1.21814,1.218,3,1.12
26.10.2016 00:07:54.537,1.21814,1.21801,3,1
26.10.2016 00:07:55.333,1.21814,1.218,2.25,1.12
26.10.2016 00:08:00.448,1.21814,1.218,1.5,1.5
26.10.2016 00:08:06.733,1.21814,1.21801,1.5,1
26.10.2016 00:08:13.715,1.21814,1.2179900000000001,1.5,1.5
26.10.2016 00:08:14.021,1.2180600000000001,1.21789,1.5,1
26.10.2016 00:08:14.123,1.2180600000000001,1.2179,1.12,1
26.10.2016 00:08:14.867,1.21805,1.2179,1.5,1
26.10.2016 00:08:15.176,1.21803,1.2179,1.5,1
26.10.2016 00:08:15.538,1.21803,1.21788,1.5,1
26.10.2016 00:08:16.075,1.21804,1.21788,1.5,1
26.10.2016 00:08:16.625,1.21803,1.21788,1.5,1
26.10.2016 00:08:53.175,1.21803,1.21789,1.5,1
26.10.2016 00:08:55.991,1.21804,1.21788,1.5,1
26.10.2016 00:09:14.827,1.21804,1.21788,1.87,1.5
26.10.2016 00:09:15.755,1.21813,1.21798,2.25,1.5
26.10.2016 00:09:16.334,1.21812,1.2179700000000002,1,1.12
26.10.2016 00:09:16.865,1.21813,1.2179700000000002,1.12,1.12
26.10.2016 00:09:17.808,1.21812,1.2179700000000002,1,1.12
26.10.2016 00:09:18.319,1.21811,1.21794,1,1.75
26.10.2016 00:09:18.859,1.21813,1.2179600000000002,4.12,1.5
26.10.2016 00:09:19.062,1.21811,1.2179700000000002,1,1.12
26.10.2016 00:09:19.821,1.21812,1.21793,2.62,1.75
26.10.2016 00:09:20.410,1.21811,1.21793,1.12,1.75
26.10.2016 00:09:23.301,1.21811,1.21793,1.5,1.75
26.10.2016 00:09:23.775,1.2180600000000001,1.2179200000000001,1,1.12
26.10.2016 00:09:23.928,1.2180700000000002,1.2179,1.87,1.75
26.10.2016 00:09:24.348,1.2180700000000002,1.2179,1.5,1
26.10.2016 00:09:27.830,1.2179900000000001,1.2179,1.95,1.5
26.10.2016 00:09:28.689,1.21803,1.21785,1.87,1.12
26.10.2016 00:09:29.214,1.21803,1.2178600000000002,2.25,1
26.10.2016 00:09:29.520,1.21803,1.21789,1,1.5
26.10.2016 00:09:29.674,1.2181,1.21789,1.5,1.12
26.10.2016 00:09:29.776,1.2181,1.21789,1.5,1.5
26.10.2016 00:09:30.336,1.2180900000000001,1.21789,1,1.5
26.10.2016 00:09:31.861,1.2180900000000001,1.21791,2.25,1.5
26.10.2016 00:09:35.921,1.2181,1.21791,2.25,1.5
26.10.2016 00:09:39.648,1.21808,1.21791,1,1.5
26.10.2016 00:09:41.146,1.2181,1.21789,2.25,1.75
26.10.2016 00:09:42.875,1.2180900000000001,1.21789,1,1.75
26.10.2016 00:09:43.377,1.2181,1.21789,1.5,1.75
26.10.2016 00:09:45.146,1.2180900000000001,1.21789,1,1.75
26.10.2016 00:09:45.270,1.2180700000000002,1.21789,1,1.75
26.10.2016 00:09:45.372,1.21808,1.21789,1,3
26.10.2016 00:09:46.103,1.2180900000000001,1.21789,3,3
26.10.2016 00:09:46.580,1.21808,1.2179200000000001,1,1
26.10.2016 00:09:54.740,1.2180700000000002,1.2179200000000001,1,1
26.10.2016 00:09:58.525,1.21808,1.2179200000000001,1,1
26.10.2016 00:10:10.532,1.218,1.21785,1.27,1
26.10.2016 00:10:11.040,1.21801,1.21783,2.1,1
26.10.2016 00:10:11.548,1.2179900000000001,1.21783,1.4,1.5
26.10.2016 00:10:12.303,1.2179900000000001,1.21783,1.6,1.5
26.10.2016 00:10:12.813,1.2179900000000001,1.21783,2.62,1.5
26.10.2016 00:10:14.711,1.21794,1.21783,1.5,1.5
26.10.2016 00:10:15.017,1.21791,1.2178,1.25,1
26.10.2016 00:10:15.833,1.21793,1.21781,2.25,1
26.10.2016 00:10:15.930,1.21801,1.21785,1.5,1.12
26.10.2016 00:10:24.477,1.218,1.21785,1,1.12
26.10.2016 00:10:24.984,1.21801,1.21785,1.87,1.12
26.10.2016 00:10:27.488,1.218,1.21785,1,1.12
26.10.2016 00:10:28.456,1.21801,1.21785,1.87,1
26.10.2016 00:10:28.628,1.2179900000000001,1.21785,1,1
26.10.2016 00:10:28.682,1.2179900000000001,1.21783,1,1.12
26.10.2016 00:10:29.192,1.218,1.21783,3,1.12
26.10.2016 00:10:31.476,1.2179900000000001,1.21783,1.5,1.12
26.10.2016 00:10:31.981,1.21798,1.21783,1.5,1.12
26.10.2016 00:10:35.733,1.2179900000000001,1.21783,1.87,1.12
26.10.2016 00:10:38.956,1.2179900000000001,1.21784,1,1
26.10.2016 00:10:49.666,1.21798,1.21784,1.12,1
26.10.2016 00:10:52.719,1.2179900000000001,1.21784,1,1
26.10.2016 00:10:54.694,1.21798,1.21784,1,1
26.10.2016 00:10:59.720,1.2179900000000001,1.21784,1.12,1
26.10.2016 00:11:00.750,1.2179900000000001,1.21784,1.87,1
26.10.2016 00:11:01.720,1.2179900000000001,1.21783,1.87,1.12
26.10.2016 00:11:08.766,1.2179900000000001,1.21783,1.12,1.12
26.10.2016 00:11:09.292,1.21798,1.21783,2.25,1.12
26.10.2016 00:11:13.678,1.2179600000000002,1.21783,1,1.12
26.10.2016 00:11:14.136,1.21794,1.2178200000000001,1,1.12
26.10.2016 00:11:14.848,1.21794,1.2178200000000001,1.5,1
26.10.2016 00:11:14.899,1.21793,1.21779,1.87,1.12
26.10.2016 00:11:19.175,1.21794,1.2178,2.25,1
26.10.2016 00:11:23.831,1.21794,1.2178,1.5,1
26.10.2016 00:11:28.033,1.21794,1.21781,1.5,1
26.10.2016 00:11:35.617,1.21794,1.2178200000000001,1.5,1
26.10.2016 00:11:38.029,1.21794,1.21784,1.5,1
26.10.2016 00:11:39.072,1.21794,1.21783,1.5,1
26.10.2016 00:11:51.626,1.21794,1.2178200000000001,1.5,1
26.10.2016 00:11:51.932,1.21795,1.21784,1.5,1
26.10.2016 00:11:57.028,1.21795,1.2178200000000001,1.5,1
26.10.2016 00:11:57.956,1.21795,1.21783,1.5,1
26.10.2016 00:12:14.743,1.21795,1.2178,1.5,1.12
26.10.2016 00:12:15.335,1.21794,1.2178,1.5,1.12
26.10.2016 00:12:16.055,1.21795,1.2178,1.5,1.12
26.10.2016 00:12:17.346,1.21795,1.21781,1.5,1
26.10.2016 00:12:18.871,1.21795,1.21779,2.25,1
26.10.2016 00:12:19.378,1.2179600000000002,1.21779,2.25,1
26.10.2016 00:12:40.226,1.21794,1.2177700000000002,1,3
26.10.2016 00:12:40.532,1.21781,1.2176500000000001,2.25,1.5
26.10.2016 00:12:41.319,1.21781,1.2176500000000001,2.25,1.5
26.10.2016 00:12:41.441,1.2178200000000001,1.21761,1.75,2.25
26.10.2016 00:12:43.679,1.2177700000000002,1.21761,1.5,3
26.10.2016 00:12:44.203,1.2177600000000002,1.21761,1.5,3
26.10.2016 00:12:47.547,1.21779,1.2176200000000001,1.12,2.25
26.10.2016 00:12:49.111,1.2178,1.21763,1.12,2.25
26.10.2016 00:12:59.531,1.21781,1.2176200000000001,1.12,1.75
26.10.2016 00:13:00.079,1.21781,1.2176200000000001,2.25,1.75
26.10.2016 00:13:02.726,1.21781,1.2177,1.12,1.5
26.10.2016 00:13:03.442,1.21784,1.2177,1.87,1.87
26.10.2016 00:13:27.550,1.21785,1.21771,2.62,1.87
26.10.2016 00:13:40.610,1.21785,1.21773,1.87,2.44
26.10.2016 00:13:40.815,1.21795,1.2178,1,1
26.10.2016 00:13:41.325,1.2179600000000002,1.21781,1,1
26.10.2016 00:13:47.709,1.21798,1.21781,2.62,1.5
26.10.2016 00:13:48.240,1.2179700000000002,1.2178200000000001,1,1
26.10.2016 00:13:51.369,1.2179900000000001,1.21781,2.62,1.12
26.10.2016 00:13:59.177,1.21798,1.2178,1.12,1.12
26.10.2016 00:14:00.782,1.21791,1.2178,1.45,1.12
26.10.2016 00:14:01.168,1.2179600000000002,1.21779,2.25,1.12
26.10.2016 00:14:01.676,1.2179600000000002,1.21779,2.62,1.5
26.10.2016 00:14:07.372,1.2179700000000002,1.21779,3.75,2.25
26.10.2016 00:14:10.045,1.2179600000000002,1.21779,1.12,2.62
26.10.2016 00:14:10.617,1.2179700000000002,1.21779,1.87,3
26.10.2016 00:14:12.501,1.2179700000000002,1.2178200000000001,1.12,1.5
26.10.2016 00:14:12.604,1.2179700000000002,1.2178200000000001,1,1.87
26.10.2016 00:14:12.969,1.2179900000000001,1.21783,1,1
26.10.2016 00:14:21.834,1.21798,1.21783,1,1
26.10.2016 00:14:25.844,1.2179900000000001,1.21783,1.87,1
26.10.2016 00:14:26.873,1.2179900000000001,1.21783,1.87,1
26.10.2016 00:14:27.901,1.2179900000000001,1.21783,1.87,1
26.10.2016 00:14:30.318,1.21798,1.21783,1,1
26.10.2016 00:14:31.483,1.21798,1.21783,1.37,1
26.10.2016 00:14:31.930,1.21795,1.21783,1,1
26.10.2016 00:14:32.283,1.21795,1.21781,1.37,1.87
26.10.2016 00:14:32.826,1.21795,1.21781,1.37,1.87
26.10.2016 00:14:33.378,1.21793,1.21781,1,1.87
26.10.2016 00:14:33.686,1.21785,1.21773,1.5,2.25
26.10.2016 00:14:33.738,1.21785,1.21773,1.5,1.87
26.10.2016 00:14:50.989,1.21785,1.21773,1.5,3.75
26.10.2016 00:14:51.040,1.21785,1.21773,1.5,1.5
26.10.2016 00:14:51.092,1.21789,1.2177600000000002,2.62,1
26.10.2016 00:14:51.194,1.21793,1.21778,1.12,1.5
26.10.2016 00:14:51.705,1.21794,1.21778,2.62,1.87
26.10.2016 00:14:54.278,1.21791,1.21779,1,1.87
26.10.2016 00:15:00.165,1.21788,1.21774,1,2.25
26.10.2016 00:15:00.217,1.21788,1.21774,1,2.25
26.10.2016 00:15:00.824,1.21788,1.21774,1.37,2.25
26.10.2016 00:15:01.327,1.2178600000000002,1.21774,1,2.25
26.10.2016 00:15:02.568,1.21785,1.21774,1,2.25
26.10.2016 00:15:06.377,1.2178700000000002,1.21774,1.12,2.25
26.10.2016 00:15:08.483,1.2178700000000002,1.21774,1.12,1.87
26.10.2016 00:15:09.480,1.2178700000000002,1.21774,1.37,1.87
26.10.2016 00:15:13.446,1.21785,1.21774,1,1.87
26.10.2016 00:15:14.479,1.2178700000000002,1.21773,1.12,1.5
26.10.2016 00:15:15.220,1.2178700000000002,1.21771,1.12,2.25
26.10.2016 00:15:15.524,1.21785,1.21771,1,2.25
26.10.2016 00:15:18.538,1.2178200000000001,1.21769,1.87,1.12
26.10.2016 00:15:18.983,1.2177600000000002,1.21767,1,1.12
26.10.2016 00:15:19.035,1.2177600000000002,1.2176500000000001,1,2.25
26.10.2016 00:15:19.961,1.2177600000000002,1.2176,1.12,3
26.10.2016 00:15:21.797,1.21774,1.2176,1,3
26.10.2016 00:15:22.338,1.21774,1.2176,1,2.25
26.10.2016 00:15:22.868,1.21773,1.2176,1,2.25
26.10.2016 00:15:24.006,1.21773,1.2176,1.12,2.25
26.10.2016 00:15:24.803,1.2177200000000001,1.2176,1,2.25
26.10.2016 00:15:25.818,1.2177200000000001,1.2176,1.37,1
26.10.2016 00:15:26.937,1.2177600000000002,1.21757,4.12,1.5
26.10.2016 00:15:26.988,1.2177600000000002,1.21757,4.12,1.5
26.10.2016 00:15:27.803,1.2177600000000002,1.21757,3.37,1.5
26.10.2016 00:15:28.163,1.21775,1.2176,1.12,1
26.10.2016 00:15:28.367,1.21775,1.21757,2.62,1.5
26.10.2016 00:15:30.242,1.21775,1.2175799999999999,1.37,1.12
26.10.2016 00:15:31.064,1.21773,1.2175799999999999,1,1.12
26.10.2016 00:15:32.067,1.2177200000000001,1.2175799999999999,1,1
26.10.2016 00:15:33.069,1.21771,1.2175799999999999,1,1
26.10.2016 00:15:33.880,1.21775,1.2176,1.37,1
26.10.2016 00:15:33.958,1.2177600000000002,1.2176,3,1
26.10.2016 00:15:34.166,1.2177600000000002,1.2175799999999999,3.75,1
26.10.2016 00:15:34.669,1.2177600000000002,1.21759,3.75,1
26.10.2016 00:15:35.190,1.21775,1.21759,1,1
26.10.2016 00:15:35.985,1.21774,1.21759,1,1
26.10.2016 00:15:36.848,1.21773,1.21759,1,1
26.10.2016 00:15:38.739,1.21771,1.21759,1,1
26.10.2016 00:15:39.490,1.21771,1.2176600000000002,1,1
26.10.2016 00:15:39.795,1.21763,1.2175500000000001,1,1.87
26.10.2016 00:15:39.898,1.21764,1.21754,1.37,1
26.10.2016 00:15:39.949,1.21764,1.21754,1,1.5
26.10.2016 00:15:40.458,1.2176500000000001,1.21754,1.5,1.5
26.10.2016 00:15:41.386,1.21764,1.2175600000000002,1.5,1
26.10.2016 00:15:42.672,1.2176500000000001,1.2175600000000002,1.5,1
26.10.2016 00:15:42.724,1.2176500000000001,1.2175,2.62,3.37
26.10.2016 00:15:43.280,1.2176500000000001,1.21751,2.62,1
26.10.2016 00:15:43.792,1.2176500000000001,1.2175,2.62,1.87
26.10.2016 00:15:45.626,1.2176500000000001,1.2175,3,1.87
26.10.2016 00:15:45.971,1.2175799999999999,1.2175,1.2,1.5
26.10.2016 00:15:46.023,1.21754,1.21743,1.5,1.5
26.10.2016 00:15:46.176,1.21754,1.21739,3.37,2.62
26.10.2016 00:15:46.599,1.2175,1.21734,1.5,1.5
26.10.2016 00:15:46.865,1.2175,1.2173200000000002,1.5,1
26.10.2016 00:15:47.382,1.2175,1.2173100000000001,1.12,1.12
26.10.2016 00:15:47.927,1.2175,1.2173200000000002,1.12,1.12
26.10.2016 00:15:49.151,1.21747,1.2173100000000001,4.12,1.5
26.10.2016 00:15:49.456,1.21744,1.2173100000000001,2.25,1
26.10.2016 00:15:50.116,1.21744,1.2173,3.75,1
26.10.2016 00:15:52.461,1.21737,1.21729,1,1.5
26.10.2016 00:15:52.513,1.21736,1.2172500000000002,1.5,1
26.10.2016 00:15:53.031,1.21737,1.2172200000000002,2.25,1.5
26.10.2016 00:15:54.914,1.21727,1.2172200000000002,1,1.5
26.10.2016 00:15:54.966,1.21729,1.2172100000000001,1.12,1.37
26.10.2016 00:15:55.017,1.21729,1.2172100000000001,1.12,1
26.10.2016 00:15:55.069,1.2173500000000002,1.21724,1,1.5
26.10.2016 00:15:55.120,1.21737,1.21724,1,1.5
26.10.2016 00:15:55.223,1.21743,1.2172500000000002,2.25,1
26.10.2016 00:15:55.377,1.21743,1.2172500000000002,2.62,1.5
26.10.2016 00:15:55.891,1.2174500000000001,1.21727,3.69,2.25
26.10.2016 00:15:56.221,1.21744,1.21729,1.5,1.5
26.10.2016 00:15:57.230,1.21744,1.21734,1.5,1.5
26.10.2016 00:15:57.711,1.21754,1.21746,1.12,1
26.10.2016 00:15:58.270,1.2175500000000001,1.21746,2.98,1
26.10.2016 00:15:58.575,1.21751,1.2174200000000002,1,1
26.10.2016 00:15:59.299,1.2175200000000002,1.2174200000000002,1,1
26.10.2016 00:15:59.830,1.21753,1.2174200000000002,1.5,1
26.10.2016 00:16:00.431,1.21753,1.21743,1.5,1
26.10.2016 00:16:00.983,1.2175500000000001,1.21741,2.98,1
26.10.2016 00:16:01.524,1.2175500000000001,1.21741,5.57,1
26.10.2016 00:16:01.925,1.2174500000000001,1.21741,1,1
26.10.2016 00:16:01.977,1.2174500000000001,1.2173500000000002,1,1.5
26.10.2016 00:16:02.080,1.21744,1.2173,1.12,2.62
26.10.2016 00:16:02.187,1.21744,1.21727,2.62,1.75
26.10.2016 00:16:03.048,1.21733,1.21727,1,1.37
26.10.2016 00:16:03.151,1.21739,1.2172,3.75,3.37
26.10.2016 00:16:03.254,1.21738,1.2172100000000001,1.25,3
26.10.2016 00:16:03.305,1.21738,1.2172200000000002,1,1.12
26.10.2016 00:16:03.404,1.2174,1.2172200000000002,1,1.87
26.10.2016 00:16:03.914,1.2174,1.2172200000000002,1.12,3
26.10.2016 00:16:04.432,1.21743,1.21724,1.5,1.75
26.10.2016 00:16:04.484,1.21743,1.2172500000000002,1.5,1.12
26.10.2016 00:16:07.173,1.21743,1.2172500000000002,1.5,1.12
26.10.2016 00:16:07.224,1.2174200000000002,1.21727,1,1
26.10.2016 00:16:08.595,1.2173500000000002,1.21723,1.87,1.5
26.10.2016 00:16:08.647,1.21736,1.21718,1.5,1.75
26.10.2016 00:16:08.803,1.21736,1.2172200000000002,1,1
26.10.2016 00:16:09.311,1.21736,1.2172,1.5,1.37
26.10.2016 00:16:09.566,1.2174200000000002,1.21723,1.12,1.12
26.10.2016 00:16:09.980,1.2173100000000001,1.21723,1.27,1
26.10.2016 00:16:10.062,1.2173200000000002,1.21716,1,1
26.10.2016 00:16:10.165,1.21736,1.21719,2.25,1
26.10.2016 00:16:10.216,1.21736,1.21719,1.5,1
26.10.2016 00:16:10.318,1.21741,1.21719,2.25,1
26.10.2016 00:16:10.420,1.21741,1.2172100000000001,2.25,1
26.10.2016 00:16:11.133,1.21741,1.2172,1.75,1
26.10.2016 00:16:11.626,1.21741,1.2172200000000002,1.75,1
26.10.2016 00:16:12.127,1.2174200000000002,1.2172100000000001,1.12,1.12
26.10.2016 00:16:13.599,1.2174200000000002,1.2172500000000002,1.37,1.12
26.10.2016 00:16:13.651,1.21743,1.21726,1.75,1.12
26.10.2016 00:16:15.059,1.2174500000000001,1.21728,1.12,1
26.10.2016 00:16:15.365,1.21738,1.21726,1,1
26.10.2016 00:16:15.672,1.21738,1.21728,1,1
26.10.2016 00:16:16.183,1.21739,1.21728,1,1
26.10.2016 00:16:16.337,1.21741,1.21726,1.5,1
26.10.2016 00:16:16.797,1.21746,1.21727,1.5,1
26.10.2016 00:16:17.231,1.21748,1.2173,1.87,1.5
26.10.2016 00:16:18.643,1.21747,1.2173,1.5,1.12
26.10.2016 00:16:19.645,1.21737,1.2173,3,1.12
26.10.2016 00:16:19.798,1.21734,1.2172100000000001,1.12,1.5
26.10.2016 00:16:19.951,1.2173500000000002,1.21719,1.87,1.12
26.10.2016 00:16:22.611,1.21734,1.2172,1.5,1.5
26.10.2016 00:16:28.445,1.21734,1.2172,1.87,1.87
26.10.2016 00:16:30.300,1.2172500000000002,1.2172,1.87,1.87
26.10.2016 00:16:30.454,1.21718,1.21714,1.5,2.25
26.10.2016 00:16:30.506,1.21718,1.2171100000000001,1.5,1
26.10.2016 00:16:30.963,1.21724,1.2171100000000001,1.5,1
26.10.2016 00:16:31.371,1.2172200000000002,1.2171,1.5,1
26.10.2016 00:16:31.761,1.2172200000000002,1.2171200000000002,1.5,1
26.10.2016 00:16:33.074,1.2172200000000002,1.2171100000000001,1.5,1
26.10.2016 00:16:33.898,1.2172200000000002,1.2171200000000002,1.5,1
26.10.2016 00:16:34.894,1.21723,1.2171200000000002,1.87,1
26.10.2016 00:16:35.406,1.2172200000000002,1.2171200000000002,1.5,1
26.10.2016 00:16:36.292,1.2172200000000002,1.21708,1.5,1.5
26.10.2016 00:16:36.344,1.2172200000000002,1.21706,1.5,1
26.10.2016 00:16:36.852,1.2172200000000002,1.21705,1.5,2.25
26.10.2016 00:16:37.221,1.21714,1.21705,1,1.5
26.10.2016 00:16:37.768,1.21715,1.2170400000000001,3,1
26.10.2016 00:16:38.888,1.21715,1.21706,1,1
26.10.2016 00:16:39.569,1.21715,1.21708,1,1
26.10.2016 00:16:39.998,1.21716,1.21705,4.87,1
26.10.2016 00:16:40.049,1.21716,1.21709,4.12,1
26.10.2016 00:16:40.203,1.21724,1.2171100000000001,1.5,1.5
26.10.2016 00:16:40.254,1.21724,1.2171100000000001,1,1.5
26.10.2016 00:16:41.059,1.2172500000000002,1.2171200000000002,2.25,1
26.10.2016 00:16:41.404,1.2172500000000002,1.2171,2.25,2.25
26.10.2016 00:16:41.726,1.2172500000000002,1.2171200000000002,1.87,1
26.10.2016 00:16:42.032,1.21734,1.21719,1.12,1
26.10.2016 00:16:42.389,1.2173200000000002,1.21726,1,1
26.10.2016 00:16:42.759,1.2174200000000002,1.2173,1.87,1.5
26.10.2016 00:16:42.811,1.2174500000000001,1.21733,1.87,1
26.10.2016 00:16:43.117,1.21746,1.21736,2.25,1
26.10.2016 00:16:43.220,1.2175,1.21739,1,1
26.10.2016 00:16:43.271,1.21754,1.21743,1.35,1
26.10.2016 00:16:43.323,1.2175500000000001,1.21743,3.37,1
26.10.2016 00:16:43.425,1.2175500000000001,1.21743,3.37,1
26.10.2016 00:16:44.243,1.2175600000000002,1.2174,5.62,1
26.10.2016 00:16:45.229,1.2175600000000002,1.21741,5.62,1
26.10.2016 00:16:47.300,1.2175600000000002,1.2174200000000002,5.62,1
26.10.2016 00:16:48.281,1.2175600000000002,1.21741,5.62,1
26.10.2016 00:16:49.549,1.2175600000000002,1.2174200000000002,5.62,1
26.10.2016 00:16:50.275,1.2175600000000002,1.2174,5.62,1
26.10.2016 00:16:59.433,1.21754,1.21739,2.25,2.62
26.10.2016 00:17:13.632,1.2174500000000001,1.21737,1,1.5
26.10.2016 00:17:13.685,1.2174500000000001,1.21734,1.87,1.2
26.10.2016 00:17:13.737,1.21744,1.2173,1.87,1.12
26.10.2016 00:17:13.790,1.2174200000000002,1.2172500000000002,1,1.12
26.10.2016 00:17:13.892,1.2174200000000002,1.21724,1.5,2.62
26.10.2016 00:17:13.995,1.2174200000000002,1.21726,1.87,1
26.10.2016 00:17:14.609,1.21741,1.2172100000000001,1.87,3.75
26.10.2016 00:17:14.966,1.21741,1.2172100000000001,1.75,3.75
26.10.2016 00:17:18.752,1.21741,1.21724,1.12,2.02
26.10.2016 00:17:19.260,1.21741,1.21724,1.12,2.4
26.10.2016 00:17:24.911,1.21741,1.21724,1.5,4.27
26.10.2016 00:17:25.578,1.2172500000000002,1.21724,3.56,1.65
26.10.2016 00:17:25.630,1.21724,1.21709,1,1.12
26.10.2016 00:17:26.140,1.21723,1.21708,2.25,2.25
26.10.2016 00:17:29.173,1.21724,1.21708,2.62,1
26.10.2016 00:17:29.633,1.2172,1.21708,1,1
26.10.2016 00:17:29.939,1.21714,1.21703,1.5,1
26.10.2016 00:17:29.990,1.21718,1.21703,1.5,1
26.10.2016 00:17:30.827,1.21716,1.2170200000000002,1.5,1
26.10.2016 00:17:32.175,1.21715,1.2170400000000001,1.5,1
26.10.2016 00:17:33.084,1.21715,1.2170400000000001,1.5,1.37
26.10.2016 00:17:33.287,1.21717,1.2170400000000001,1.5,1.37
26.10.2016 00:17:33.632,1.21719,1.2171,1.19,1.12
26.10.2016 00:17:33.996,1.2172500000000002,1.21714,3.75,1.12
26.10.2016 00:17:34.656,1.2172500000000002,1.2172,3.37,1
26.10.2016 00:17:34.809,1.21736,1.2172200000000002,6,1
26.10.2016 00:17:35.751,1.2174500000000001,1.2173500000000002,3.37,1.37
26.10.2016 00:17:36.108,1.21746,1.21738,1.5,1
26.10.2016 00:17:36.211,1.2175600000000002,1.21741,4.5,1
26.10.2016 00:17:36.262,1.2175600000000002,1.21744,5.25,1
26.10.2016 00:17:36.416,1.2175500000000001,1.21744,1,1
26.10.2016 00:17:37.043,1.21759,1.2175200000000002,3.75,1
26.10.2016 00:17:37.095,1.21764,1.2175200000000002,1.5,1
26.10.2016 00:17:37.553,1.21767,1.2175600000000002,2.62,2.25
26.10.2016 00:17:37.859,1.21775,1.21768,1,1
26.10.2016 00:17:37.925,1.21779,1.21768,1.5,1
26.10.2016 00:17:38.080,1.2178200000000001,1.2177,1.31,1
26.10.2016 00:17:38.450,1.2178200000000001,1.2177,1,1
26.10.2016 00:17:38.965,1.2178600000000002,1.2177200000000001,1.12,1
26.10.2016 00:17:39.118,1.21788,1.2177200000000001,3.75,1
26.10.2016 00:17:39.322,1.21788,1.21774,3,1
26.10.2016 00:17:39.374,1.21788,1.21774,1.5,1
26.10.2016 00:17:39.477,1.21789,1.21778,1.57,1
26.10.2016 00:17:39.881,1.2179200000000001,1.2178700000000002,1.87,1
26.10.2016 00:17:39.932,1.2180600000000001,1.2178700000000002,5.25,1
26.10.2016 00:17:39.984,1.21802,1.2178700000000002,1.5,2.62
26.10.2016 00:17:40.701,1.21804,1.2178700000000002,1.5,2.25
26.10.2016 00:17:41.512,1.21804,1.21789,1.5,1.12
26.10.2016 00:17:43.512,1.21804,1.21791,1.5,1
26.10.2016 00:17:44.021,1.21802,1.2178700000000002,1.5,2.25
26.10.2016 00:17:44.835,1.21801,1.21788,1.5,1.5
26.10.2016 00:17:45.020,1.21803,1.21788,1.5,2.25
26.10.2016 00:17:47.228,1.21803,1.21788,1.5,2.62
26.10.2016 00:17:47.871,1.21803,1.2179,1.5,1
26.10.2016 00:17:47.922,1.21801,1.2178600000000002,1.12,1.37
26.10.2016 00:17:47.974,1.21803,1.2178600000000002,1.5,1.37
26.10.2016 00:17:48.127,1.21802,1.2178600000000002,1.5,2.62
26.10.2016 00:17:48.586,1.218,1.2178600000000002,1.5,1
26.10.2016 00:17:49.197,1.2179900000000001,1.2178600000000002,1.5,1
26.10.2016 00:17:49.720,1.218,1.2178600000000002,1.5,1.12
26.10.2016 00:17:50.267,1.218,1.2178700000000002,1.5,1
26.10.2016 00:17:51.060,1.218,1.21788,1.5,1
26.10.2016 00:17:52.438,1.218,1.21791,1.5,1
26.10.2016 00:17:53.411,1.218,1.2179,1.5,1
26.10.2016 00:17:55.640,1.21803,1.2179,1.5,1
26.10.2016 00:17:55.793,1.218,1.2179,1.5,1.12
26.10.2016 00:17:56.098,1.21802,1.2179,1.5,1.12
26.10.2016 00:17:56.201,1.218,1.2179,1.5,1.12
26.10.2016 00:17:56.607,1.21802,1.2179,1.5,1.12
26.10.2016 00:17:57.009,1.218,1.2179,1.5,1.12
26.10.2016 00:17:58.357,1.218,1.21791,1.5,2.25
26.10.2016 00:18:00.413,1.218,1.21793,1.5,1
26.10.2016 00:18:03.075,1.218,1.2179200000000001,1.5,1
26.10.2016 00:18:04.022,1.218,1.2179,1.5,1.12
26.10.2016 00:18:04.379,1.218,1.2179200000000001,1.5,2.25
26.10.2016 00:18:04.431,1.21803,1.2179200000000001,1.5,2.62
26.10.2016 00:18:05.332,1.21802,1.2179200000000001,1.5,2.62
26.10.2016 00:18:05.383,1.21802,1.21794,1.5,1
26.10.2016 00:18:05.485,1.21802,1.21791,1.5,1.37
26.10.2016 00:18:05.587,1.2179900000000001,1.21791,1,1
26.10.2016 00:18:06.481,1.2179900000000001,1.2179,1,4.87
26.10.2016 00:18:07.042,1.21798,1.2179,1,4.12
26.10.2016 00:18:07.574,1.2179900000000001,1.2179,1,2.62
26.10.2016 00:18:08.841,1.2179900000000001,1.2179,1,2.62
26.10.2016 00:18:10.978,1.21798,1.2179,1,1
26.10.2016 00:18:12.955,1.2179900000000001,1.21785,1,3
26.10.2016 00:18:13.477,1.2179900000000001,1.21788,1,1
26.10.2016 00:18:15.698,1.21801,1.21788,1.5,1.12
26.10.2016 00:18:15.852,1.21805,1.21789,2.25,1.37
26.10.2016 00:18:16.387,1.21803,1.21789,1.5,1.37
26.10.2016 00:18:18.384,1.21803,1.21791,1.5,1
26.10.2016 00:18:19.328,1.21802,1.21791,1.5,1.12
26.10.2016 00:18:19.902,1.21802,1.21794,1.5,1
26.10.2016 00:18:20.872,1.21803,1.21793,1.5,1
26.10.2016 00:18:21.922,1.21803,1.21795,1.5,1
26.10.2016 00:18:22.919,1.21803,1.21793,1.5,1.37
26.10.2016 00:18:25.926,1.21803,1.21793,1.5,1
26.10.2016 00:18:32.150,1.21803,1.21794,1.5,1
26.10.2016 00:18:42.755,1.21803,1.21793,1.5,1.12
26.10.2016 00:18:43.010,1.21805,1.21794,1.5,1.12
26.10.2016 00:18:43.692,1.21805,1.21793,1.5,1.12
26.10.2016 00:18:44.388,1.21804,1.21793,1.5,1
26.10.2016 00:18:44.845,1.21805,1.21795,1.5,1
26.10.2016 00:18:44.897,1.21808,1.21795,1.87,1
26.10.2016 00:18:47.827,1.21808,1.21794,1.5,2.25
26.10.2016 00:18:48.885,1.21808,1.2179600000000002,1.5,1
26.10.2016 00:18:49.559,1.21808,1.21794,1.5,2.62
26.10.2016 00:18:51.423,1.21808,1.2179600000000002,1.5,1
26.10.2016 00:18:52.873,1.2180700000000002,1.2179600000000002,1.5,1
26.10.2016 00:18:52.924,1.2180900000000001,1.2179600000000002,1.5,1
26.10.2016 00:18:53.426,1.21808,1.2179600000000002,1.5,1
26.10.2016 00:18:53.935,1.21808,1.2179600000000002,2.55,1
26.10.2016 00:18:55.868,1.2180700000000002,1.21795,1.5,1
26.10.2016 00:18:58.877,1.2180700000000002,1.2179600000000002,1.8,1
26.10.2016 00:19:00.060,1.2180700000000002,1.21795,1.8,1
26.10.2016 00:19:02.493,1.21805,1.21795,1.5,1.12
26.10.2016 00:19:02.697,1.21805,1.2179200000000001,1.5,1.12
26.10.2016 00:19:03.220,1.21804,1.2179200000000001,1.5,1
26.10.2016 00:19:04.196,1.21804,1.2179,1.5,1.12
26.10.2016 00:19:06.629,1.21804,1.2179200000000001,1.5,1
26.10.2016 00:19:06.935,1.2179900000000001,1.21789,1.5,1.5
26.10.2016 00:19:09.602,1.2179900000000001,1.21788,1.5,1
26.10.2016 00:19:10.136,1.2179900000000001,1.2178700000000002,1.5,1.5
26.10.2016 00:19:10.650,1.218,1.2178700000000002,1.5,1.5
26.10.2016 00:19:14.609,1.218,1.2178600000000002,1.5,1.5
26.10.2016 00:19:15.119,1.218,1.2178600000000002,1.5,1.5
26.10.2016 00:19:15.805,1.218,1.21784,1.5,2.25
26.10.2016 00:19:21.514,1.2179900000000001,1.21784,1.5,1.87
26.10.2016 00:19:22.024,1.2179900000000001,1.21784,1.5,1.5
26.10.2016 00:19:30.027,1.21798,1.21784,1.5,2.62
26.10.2016 00:19:34.729,1.2179600000000002,1.21784,1.5,1.5
26.10.2016 00:19:34.882,1.2179600000000002,1.21779,1.5,2.25
26.10.2016 00:19:35.390,1.2179600000000002,1.21778,1.5,3
26.10.2016 00:19:35.910,1.2179700000000002,1.21779,1.5,2.25
26.10.2016 00:19:35.961,1.21795,1.21779,1.5,2.25
26.10.2016 00:19:45.628,1.21795,1.2178200000000001,1.5,1
26.10.2016 00:19:45.679,1.2179900000000001,1.21783,1.47,1
26.10.2016 00:19:45.781,1.2180600000000001,1.21784,3,3
26.10.2016 00:19:45.833,1.2180600000000001,1.2178600000000002,2.25,1.12
26.10.2016 00:19:45.986,1.21808,1.2178600000000002,1,1
26.10.2016 00:19:46.138,1.2180900000000001,1.2179,1.87,1
26.10.2016 00:19:46.240,1.2181,1.2179,1,1
26.10.2016 00:19:47.015,1.2181,1.21789,1.5,1.12
26.10.2016 00:19:49.800,1.2181,1.21789,1.5,2.25
26.10.2016 00:19:50.310,1.2181,1.21789,1.5,2.25
26.10.2016 00:19:52.407,1.2180900000000001,1.21791,1.87,1.37
26.10.2016 00:19:52.928,1.2181,1.2179,2.25,2.25
26.10.2016 00:19:53.389,1.2181,1.21791,2.25,1.5
26.10.2016 00:19:53.912,1.21811,1.21791,1.87,3
26.10.2016 00:19:56.709,1.21814,1.21795,2.25,1
26.10.2016 00:19:56.830,1.21814,1.21793,1.87,3.75
26.10.2016 00:19:56.881,1.21814,1.21795,1.5,1
26.10.2016 00:19:57.034,1.21814,1.21793,1.5,2.62
26.10.2016 00:19:57.238,1.21814,1.21793,1.5,1.37
26.10.2016 00:19:58.075,1.21813,1.21794,1.5,3
26.10.2016 00:19:59.003,1.21814,1.21794,1.5,3.75
26.10.2016 00:20:06.723,1.21814,1.2179600000000002,1.5,1.37
26.10.2016 00:20:07.431,1.21814,1.2179600000000002,1.5,1.12
26.10.2016 00:20:08.743,1.21814,1.2179700000000002,1.5,1.12
26.10.2016 00:20:10.749,1.21814,1.21798,1.5,1.12
26.10.2016 00:20:14.773,1.21814,1.2179700000000002,1.5,1.12
26.10.2016 00:20:19.505,1.21813,1.2179700000000002,1.5,2.62
26.10.2016 00:20:19.933,1.21813,1.2179900000000001,1.5,1
26.10.2016 00:20:21.439,1.21813,1.21798,1.5,1.12
26.10.2016 00:20:21.973,1.21813,1.21798,1.5,1.37
26.10.2016 00:20:23.274,1.21813,1.21798,1.5,1
26.10.2016 00:20:23.606,1.21813,1.218,1.5,1.12
26.10.2016 00:20:23.911,1.2181,1.2179600000000002,1.5,1
26.10.2016 00:20:33.829,1.21813,1.2179700000000002,1.5,1
26.10.2016 00:20:34.337,1.21814,1.2179600000000002,1.5,1
26.10.2016 00:20:37.898,1.21814,1.2179700000000002,1.5,1
26.10.2016 00:20:40.176,1.21814,1.21798,1.5,1.12
26.10.2016 00:20:41.779,1.21814,1.218,1.5,1
26.10.2016 00:20:42.770,1.21814,1.2179900000000001,1.5,1.12
26.10.2016 00:20:43.327,1.21814,1.2179900000000001,1.5,1.37
26.10.2016 00:20:43.843,1.21814,1.2179900000000001,1.5,1.12
26.10.2016 00:20:44.360,1.21814,1.2179900000000001,1.5,1.37
26.10.2016 00:20:44.880,1.21814,1.2179900000000001,1.5,1.12
26.10.2016 00:20:49.657,1.21814,1.21798,1.5,1.12
26.10.2016 00:20:50.369,1.21814,1.21798,1.5,1.37
26.10.2016 00:20:51.353,1.21814,1.21798,1.5,1.12
26.10.2016 00:20:55.133,1.21814,1.21798,1.87,1.5
26.10.2016 00:21:00.379,1.21813,1.2179900000000001,1.5,1.5
26.10.2016 00:21:01.378,1.21813,1.218,1.5,1
26.10.2016 00:21:02.407,1.21814,1.218,1.5,1
26.10.2016 00:21:02.916,1.21814,1.21801,1.5,1
26.10.2016 00:21:03.542,1.21814,1.21802,1.5,1
26.10.2016 00:21:04.693,1.21814,1.218,1.5,1.12
26.10.2016 00:21:05.580,1.21814,1.218,1.5,1.37
26.10.2016 00:21:06.741,1.21814,1.218,1.5,1.12
26.10.2016 00:21:07.289,1.21814,1.2179700000000002,1.5,1.87
26.10.2016 00:21:21.987,1.21813,1.2179900000000001,1.5,1
26.10.2016 00:21:23.037,1.21814,1.2179900000000001,2.25,1
26.10.2016 00:21:34.152,1.21813,1.2179700000000002,1,1.87
26.10.2016 00:21:34.772,1.21812,1.2179700000000002,1.5,1.87
26.10.2016 00:21:35.331,1.21813,1.21795,1.5,2.25
26.10.2016 00:21:35.708,1.21812,1.2179700000000002,1,1
26.10.2016 00:21:39.797,1.21814,1.2179700000000002,2.25,1.5
26.10.2016 00:21:51.204,1.21813,1.2179600000000002,2.25,1.5
26.10.2016 00:21:57.743,1.21811,1.2179600000000002,1.5,1.37
26.10.2016 00:21:58.946,1.21813,1.2179600000000002,2.25,1.5
26.10.2016 00:22:12.663,1.21813,1.2179600000000002,1.87,2.25
26.10.2016 00:22:14.048,1.21812,1.21794,1.5,3.37
26.10.2016 00:22:15.184,1.21812,1.21794,1.87,2.62
26.10.2016 00:22:24.039,1.2181600000000001,1.21801,1.75,1.5
26.10.2016 00:22:24.141,1.2181600000000001,1.21801,1.5,1.5
26.10.2016 00:22:25.183,1.2181600000000001,1.21802,2.25,1.5
26.10.2016 00:22:34.228,1.2181600000000001,1.2180700000000002,1.5,1
26.10.2016 00:22:34.279,1.2181600000000001,1.21805,1,1.5
26.10.2016 00:22:34.331,1.21819,1.2180600000000001,1.57,1
26.10.2016 00:22:34.433,1.21822,1.21803,1.5,2.62
26.10.2016 00:22:35.005,1.21822,1.21803,1.87,2.62
26.10.2016 00:22:36.953,1.21824,1.21811,1.12,1.5
26.10.2016 00:22:37.005,1.21828,1.21811,3,1.87
26.10.2016 00:22:42.805,1.21829,1.21811,1.5,2.62
26.10.2016 00:22:43.322,1.21828,1.21812,1.5,2.25
26.10.2016 00:22:43.867,1.21831,1.21811,3,2.25
26.10.2016 00:22:44.481,1.21831,1.21811,3,2.25
26.10.2016 00:22:55.206,1.2183000000000002,1.21819,1.87,2.25
26.10.2016 00:22:55.359,1.2183700000000002,1.2182,2.25,2.25
26.10.2016 00:22:56.216,1.2183700000000002,1.21822,3,1.5
26.10.2016 00:23:01.372,1.21836,1.21821,1.37,2.25
26.10.2016 00:23:11.013,1.2183700000000002,1.21822,2.55,1
26.10.2016 00:23:12.177,1.2183700000000002,1.21821,1,2.25
26.10.2016 00:23:13.671,1.21836,1.21822,1.5,1.5
26.10.2016 00:23:14.779,1.21838,1.21821,1,2.25
26.10.2016 00:23:15.325,1.21842,1.21821,2.25,2.25
26.10.2016 00:23:15.713,1.21841,1.21821,1.12,2.25
26.10.2016 00:23:15.815,1.2184000000000001,1.21821,1.75,2.25
26.10.2016 00:23:16.486,1.21842,1.21829,2.62,1.5
26.10.2016 00:23:16.589,1.2184000000000001,1.21825,1.75,1.87
26.10.2016 00:23:20.705,1.2183700000000002,1.21822,1,2.25
26.10.2016 00:23:21.212,1.21838,1.21822,1.12,2.25
26.10.2016 00:23:22.076,1.21841,1.21829,1.12,1.5
26.10.2016 00:23:22.466,1.2184000000000001,1.21822,3,3
26.10.2016 00:23:39.170,1.21842,1.21828,2.62,1
26.10.2016 00:23:39.272,1.21842,1.21828,2.25,1
26.10.2016 00:23:40.551,1.21843,1.2182600000000001,2.25,3
26.10.2016 00:23:41.578,1.21843,1.2182700000000002,2.25,1
26.10.2016 00:23:42.099,1.21841,1.21824,1.12,1.87
26.10.2016 00:23:45.831,1.2184000000000001,1.21823,1.5,2.25
26.10.2016 00:23:46.186,1.21839,1.21823,1,2.25
26.10.2016 00:23:46.949,1.21838,1.21823,1,2.25
26.10.2016 00:23:47.524,1.21839,1.21823,1,2.25
26.10.2016 00:23:48.329,1.2184000000000001,1.21823,1.5,1.87
26.10.2016 00:23:48.844,1.21839,1.21823,1,1.87
26.10.2016 00:23:49.374,1.2184000000000001,1.21823,2.25,1.87
26.10.2016 00:23:49.426,1.21838,1.21823,1,1.87
26.10.2016 00:23:49.812,1.2184000000000001,1.21823,2.25,1.87
26.10.2016 00:23:50.491,1.2184000000000001,1.21823,3,2.25
26.10.2016 00:23:51.387,1.2184000000000001,1.21825,3,1.5
26.10.2016 00:23:52.547,1.21841,1.21822,2.62,2.62
26.10.2016 00:23:54.824,1.21841,1.2182700000000002,1.87,1
26.10.2016 00:23:55.171,1.21844,1.2183000000000002,3,1.5
26.10.2016 00:24:00.544,1.21844,1.21831,2.25,1.5
26.10.2016 00:24:02.180,1.21838,1.21831,1,1.5
26.10.2016 00:24:02.231,1.21836,1.2182600000000001,2.25,2.06
26.10.2016 00:24:02.311,1.21836,1.21823,2.25,2.25
26.10.2016 00:24:02.718,1.21839,1.21823,2.25,1
26.10.2016 00:24:03.369,1.21839,1.21823,2.62,1.5
26.10.2016 00:24:03.878,1.21838,1.21823,1,2.25
26.10.2016 00:24:03.929,1.21841,1.21828,2.25,1.5
26.10.2016 00:24:03.981,1.21841,1.21828,2.25,1.5
26.10.2016 00:24:04.032,1.2184000000000001,1.21824,1,1
26.10.2016 00:24:04.539,1.21839,1.21823,1.5,1
26.10.2016 00:24:04.641,1.2183700000000002,1.21823,1,1
26.10.2016 00:24:05.440,1.2183700000000002,1.21822,2.62,1.87
26.10.2016 00:24:11.578,1.2183700000000002,1.21821,1.5,1.87
26.10.2016 00:24:12.094,1.21839,1.21822,1.5,1.5
26.10.2016 00:24:14.124,1.21841,1.21825,1.12,1.5
26.10.2016 00:24:14.226,1.21842,1.21825,2.25,2.25
26.10.2016 00:24:21.666,1.21839,1.21824,1,1
26.10.2016 00:24:22.681,1.21838,1.21823,1,1.5
26.10.2016 00:24:23.475,1.21838,1.21829,1,1.5
26.10.2016 00:24:23.577,1.21843,1.21832,1.87,1.5
26.10.2016 00:24:24.577,1.21843,1.21832,1.87,1.5
26.10.2016 00:24:48.825,1.21843,1.21832,1.5,1.87
26.10.2016 00:24:48.876,1.21846,1.21838,1.5,1.5
26.10.2016 00:24:48.978,1.2185000000000001,1.2183700000000002,1.5,1.5
26.10.2016 00:24:49.030,1.21848,1.2183700000000002,1.5,1.5
26.10.2016 00:24:49.233,1.21845,1.21834,1.5,1.5
26.10.2016 00:24:50.008,1.21846,1.21833,1.5,1.5
26.10.2016 00:24:53.620,1.21846,1.21832,1.5,2.25
26.10.2016 00:25:03.518,1.21846,1.21833,1.5,1
26.10.2016 00:25:12.178,1.21846,1.21836,1.5,1.5
26.10.2016 00:25:12.230,1.21846,1.21834,1,1
26.10.2016 00:25:12.319,1.21839,1.2183000000000002,1.5,1
26.10.2016 00:25:12.422,1.21838,1.2182600000000001,2.25,1.5
26.10.2016 00:25:12.474,1.21833,1.2182600000000001,1,1.5
26.10.2016 00:25:13.096,1.21834,1.21813,1.87,1.38
26.10.2016 00:25:13.628,1.2183000000000002,1.21814,1,1
26.10.2016 00:25:14.135,1.2183000000000002,1.21814,1,1
26.10.2016 00:25:14.713,1.21832,1.21812,2.25,1.87
26.10.2016 00:25:20.074,1.21833,1.21821,2.62,1.5
26.10.2016 00:25:20.229,1.21828,1.2181700000000002,1.5,2.25
26.10.2016 00:25:20.332,1.2182700000000002,1.21811,1,2.25
26.10.2016 00:25:20.435,1.21825,1.21811,1.87,1.87
26.10.2016 00:25:20.537,1.21824,1.2180600000000001,1.37,1.88
26.10.2016 00:25:21.092,1.21822,1.21805,1.5,1.5
26.10.2016 00:25:21.246,1.2181700000000002,1.21802,1,1
26.10.2016 00:25:21.789,1.2182,1.21801,2.25,2.62
26.10.2016 00:25:28.051,1.21822,1.21801,3,3
26.10.2016 00:25:32.572,1.21821,1.21802,3,1
26.10.2016 00:25:33.223,1.21821,1.21801,3,2.25
26.10.2016 00:25:35.177,1.21821,1.21802,3,1
26.10.2016 00:25:36.192,1.21821,1.21801,2.25,1.75
26.10.2016 00:25:37.249,1.21822,1.21802,3,1.5
26.10.2016 00:25:37.886,1.21821,1.21808,1.87,1
26.10.2016 00:25:38.203,1.21821,1.21805,1.87,1
26.10.2016 00:25:39.910,1.21822,1.21805,1.5,1
26.10.2016 00:25:40.418,1.21822,1.2180600000000001,1.5,1
26.10.2016 00:25:42.190,1.21822,1.2180700000000002,1.5,1
26.10.2016 00:25:43.225,1.21822,1.21808,1.5,1
26.10.2016 00:25:43.328,1.21822,1.21812,1.5,1
26.10.2016 00:25:43.379,1.21825,1.21812,1.87,1
26.10.2016 00:25:43.584,1.21828,1.2181600000000001,1.5,1
26.10.2016 00:25:43.686,1.21832,1.2181600000000001,1,1
26.10.2016 00:25:44.196,1.21833,1.2181600000000001,1.87,1.12
26.10.2016 00:25:44.713,1.21832,1.2181600000000001,1.5,1.12
26.10.2016 00:25:45.224,1.21832,1.2181700000000002,1.5,1
26.10.2016 00:25:46.633,1.21832,1.21818,1.5,1
26.10.2016 00:25:48.618,1.21832,1.21819,1.5,1
26.10.2016 00:25:49.124,1.21833,1.21819,1.5,1
26.10.2016 00:25:49.630,1.21833,1.21818,1.5,1
26.10.2016 00:25:53.925,1.21834,1.21818,2.25,1.12
26.10.2016 00:25:56.967,1.21835,1.21823,1.5,1
26.10.2016 00:25:57.171,1.21843,1.2183000000000002,1.69,1
26.10.2016 00:25:57.274,1.21845,1.2183000000000002,1.87,1
26.10.2016 00:25:57.428,1.21844,1.2183000000000002,3,1
26.10.2016 00:25:57.815,1.21836,1.2182600000000001,2.25,1
26.10.2016 00:26:01.629,1.21836,1.21825,1.5,1.12
26.10.2016 00:26:07.664,1.21836,1.21824,2.25,1
26.10.2016 00:26:08.885,1.21836,1.21825,2.25,1
26.10.2016 00:26:09.876,1.21836,1.21828,1.5,1.12
26.10.2016 00:26:10.056,1.21844,1.21831,1.87,1
26.10.2016 00:26:11.684,1.21843,1.2183000000000002,1.87,1
26.10.2016 00:26:12.283,1.21843,1.21833,1.87,1
26.10.2016 00:26:12.678,1.21843,1.21836,1.5,1
26.10.2016 00:26:12.729,1.2184700000000002,1.21836,1.5,1
26.10.2016 00:26:15.434,1.2184700000000002,1.21839,1.5,1
26.10.2016 00:26:15.486,1.21852,1.21842,1.69,1
26.10.2016 00:26:15.588,1.21853,1.21842,1,1
26.10.2016 00:26:16.334,1.21852,1.21842,1.5,1
26.10.2016 00:26:16.841,1.21852,1.21841,1.5,1
26.10.2016 00:26:17.758,1.21852,1.2184000000000001,1.5,1
26.10.2016 00:26:21.071,1.21852,1.21842,1.5,1
26.10.2016 00:26:23.515,1.21855,1.21843,1.5,1.12
26.10.2016 00:26:24.107,1.21855,1.21841,1.5,2.25
26.10.2016 00:26:24.646,1.21855,1.21841,1.5,2.25
26.10.2016 00:26:27.668,1.21855,1.21842,1.5,1
26.10.2016 00:26:29.305,1.21854,1.21842,1.5,1.12
26.10.2016 00:26:42.803,1.21854,1.21843,1.5,1
26.10.2016 00:26:42.875,1.21856,1.2184700000000002,1.87,1
26.10.2016 00:26:42.977,1.21859,1.2184700000000002,1,1.12
26.10.2016 00:26:43.079,1.2186100000000002,1.2184700000000002,1.12,1.12
26.10.2016 00:26:44.832,1.21859,1.21844,3,1.87
26.10.2016 00:26:45.392,1.2185700000000002,1.21848,4.12,1
26.10.2016 00:26:45.547,1.2185700000000002,1.21846,1.5,1
26.10.2016 00:26:46.610,1.2185700000000002,1.21845,1.5,1.12
26.10.2016 00:26:48.602,1.2185700000000002,1.21844,1.5,1.12
26.10.2016 00:26:49.471,1.2185700000000002,1.21844,1.5,1.37
26.10.2016 00:26:50.441,1.2185700000000002,1.21846,1.5,1
26.10.2016 00:26:50.492,1.21859,1.21846,1.87,1
26.10.2016 00:26:51.354,1.2185700000000002,1.21846,1.5,1
26.10.2016 00:26:52.504,1.2185700000000002,1.21845,1.5,1.12
26.10.2016 00:26:53.277,1.21854,1.21844,1.5,1
26.10.2016 00:26:54.297,1.21854,1.21845,1.5,1
26.10.2016 00:26:55.029,1.21854,1.2184700000000002,1.5,1.5
26.10.2016 00:26:55.081,1.21859,1.21848,2.44,1.5
26.10.2016 00:26:55.589,1.2186000000000001,1.2184700000000002,1.75,1
26.10.2016 00:26:56.466,1.21859,1.21845,3,1.12
26.10.2016 00:26:58.986,1.21859,1.2184700000000002,2.25,1
26.10.2016 00:26:59.190,1.2186000000000001,1.21846,1.87,1.87
26.10.2016 00:26:59.698,1.2186100000000002,1.21845,3,1.12
26.10.2016 00:27:03.044,1.21859,1.21845,1.87,2.62
26.10.2016 00:27:03.567,1.21859,1.21845,1.87,2.62
26.10.2016 00:27:04.078,1.21859,1.21846,1.87,1
26.10.2016 00:27:06.033,1.21859,1.2184700000000002,1.87,1
26.10.2016 00:27:06.084,1.21856,1.21849,3,1
26.10.2016 00:27:06.135,1.21856,1.21844,1.5,1.5
26.10.2016 00:27:06.593,1.21853,1.21844,1.5,1
26.10.2016 00:27:06.644,1.21853,1.21842,1.5,1.5
26.10.2016 00:27:09.479,1.21853,1.21842,1.5,1.87
26.10.2016 00:27:09.531,1.21856,1.21843,1.5,3.37
26.10.2016 00:27:15.135,1.21856,1.21842,4.12,1.87
26.10.2016 00:27:15.662,1.21855,1.21842,1.5,2.25
26.10.2016 00:27:17.429,1.21855,1.21844,1.87,1
26.10.2016 00:27:17.950,1.21855,1.21842,1.87,1.87
26.10.2016 00:27:18.307,1.21858,1.21841,2.62,1
26.10.2016 00:27:19.176,1.21858,1.21842,2.62,1
26.10.2016 00:27:20.174,1.21858,1.21841,2.62,1
26.10.2016 00:27:20.378,1.2185700000000002,1.21842,2.25,1.5
26.10.2016 00:27:21.255,1.2185700000000002,1.21843,2.25,1
26.10.2016 00:27:22.224,1.21859,1.21841,2.25,1.12
26.10.2016 00:27:22.728,1.2185700000000002,1.21842,2.25,1.5
26.10.2016 00:27:24.231,1.21858,1.21843,2.25,1
26.10.2016 00:27:24.739,1.21859,1.21843,2.25,1.37
26.10.2016 00:27:25.085,1.21858,1.21849,1.05,1
26.10.2016 00:27:25.848,1.2185700000000002,1.21844,1.5,1.12
26.10.2016 00:27:27.431,1.2185700000000002,1.21842,1.5,1.12
26.10.2016 00:27:28.224,1.2185700000000002,1.21843,1.5,1
26.10.2016 00:27:29.378,1.21856,1.21842,1.5,1.37
26.10.2016 00:27:32.352,1.21856,1.21842,1.5,1.12
26.10.2016 00:27:37.099,1.21856,1.21849,1.5,1.5
26.10.2016 00:27:37.150,1.21858,1.2185000000000001,1,1.5
26.10.2016 00:27:37.202,1.2186299999999999,1.2185000000000001,1,1.5
26.10.2016 00:27:37.930,1.21864,1.2185000000000001,2.62,1.5
26.10.2016 00:27:38.475,1.21864,1.2185000000000001,3,1.5
26.10.2016 00:27:42.302,1.2185700000000002,1.21846,1.5,1
26.10.2016 00:27:42.839,1.21858,1.21846,1.87,1
26.10.2016 00:27:43.390,1.2185700000000002,1.21845,1.5,1
26.10.2016 00:27:44.436,1.2185700000000002,1.2184700000000002,1.5,1
26.10.2016 00:27:44.538,1.2185700000000002,1.21845,1.5,1
26.10.2016 00:27:44.589,1.21858,1.21845,1.5,1
26.10.2016 00:27:45.097,1.21859,1.21845,2.25,1
26.10.2016 00:27:45.452,1.21859,1.21845,1.5,1
26.10.2016 00:27:47.925,1.21856,1.21846,1.5,1
26.10.2016 00:27:48.561,1.2185700000000002,1.21844,1.87,1.5
26.10.2016 00:27:48.612,1.2185700000000002,1.21842,1.5,1.5
26.10.2016 00:27:49.180,1.2185700000000002,1.21841,1.87,1.87
26.10.2016 00:27:57.625,1.21859,1.21842,4.5,1
26.10.2016 00:28:04.358,1.21859,1.21842,4.12,1
26.10.2016 00:28:05.142,1.21859,1.21848,2.62,1
26.10.2016 00:28:05.447,1.2186000000000001,1.2185000000000001,1,3
26.10.2016 00:28:05.794,1.2186299999999999,1.2185000000000001,1.5,3
26.10.2016 00:28:06.323,1.21864,1.2185000000000001,1.5,4.5
26.10.2016 00:28:46.488,1.2186299999999999,1.21849,1.5,5.62
26.10.2016 00:28:54.617,1.2186299999999999,1.2185100000000002,1.5,1
26.10.2016 00:29:01.179,1.21864,1.2185100000000002,1.5,1
26.10.2016 00:29:02.779,1.2186000000000001,1.2185000000000001,1.12,1.5
26.10.2016 00:29:02.880,1.21858,1.21846,1.5,1.5
26.10.2016 00:29:02.932,1.21858,1.21844,1.5,1
26.10.2016 00:29:03.603,1.2185700000000002,1.21841,1,1.87
26.10.2016 00:29:03.869,1.21854,1.21841,1.5,1.87
26.10.2016 00:29:04.377,1.21853,1.21841,1.5,1.5
26.10.2016 00:29:04.479,1.21855,1.2184000000000001,1.5,2.62
26.10.2016 00:29:12.993,1.21855,1.2185000000000001,1.5,1
26.10.2016 00:29:13.095,1.21858,1.2185000000000001,1,2.25
26.10.2016 00:29:13.736,1.21862,1.2185000000000001,1.5,2.25
26.10.2016 00:29:18.080,1.21862,1.21849,1.5,1.5
26.10.2016 00:29:18.587,1.2186299999999999,1.2185000000000001,1.5,2.62
26.10.2016 00:29:19.757,1.2186299999999999,1.2185100000000002,1.5,1.5
26.10.2016 00:29:41.553,1.2186299999999999,1.21858,1.5,1
26.10.2016 00:29:41.656,1.21869,1.2186000000000001,1.75,2.62
26.10.2016 00:29:41.707,1.21869,1.2186100000000002,1,1.5
26.10.2016 00:29:42.217,1.21869,1.2186000000000001,1,4.12
26.10.2016 00:29:42.320,1.21874,1.2186000000000001,1.5,1.5
26.10.2016 00:29:45.436,1.21875,1.2186000000000001,1.87,2.62
26.10.2016 00:29:45.952,1.21874,1.2186000000000001,1,3
26.10.2016 00:29:46.626,1.21874,1.21873,1,1
26.10.2016 00:29:46.677,1.2189100000000002,1.21875,1.87,1
26.10.2016 00:29:47.390,1.21889,1.21876,1,1
26.10.2016 00:29:48.696,1.2189,1.21876,1,1
26.10.2016 00:29:49.935,1.2189,1.21876,1.5,1
26.10.2016 00:29:50.038,1.2189100000000002,1.21874,1.75,1.12
26.10.2016 00:29:50.905,1.2189100000000002,1.2187700000000001,1.75,3.75
26.10.2016 00:29:51.007,1.21889,1.21874,1.12,1.12
26.10.2016 00:29:51.528,1.21889,1.21875,1.5,1
26.10.2016 00:29:55.189,1.2189,1.21874,1.69,1
26.10.2016 00:29:57.553,1.2189,1.2187000000000001,1.56,5.62
26.10.2016 00:29:58.671,1.21889,1.2187000000000001,1.31,4.12
26.10.2016 00:29:59.006,1.21885,1.2187000000000001,1,3.37
26.10.2016 00:29:59.313,1.21876,1.2186000000000001,1.12,1.37
26.10.2016 00:29:59.630,1.2187700000000001,1.21866,2.25,1.5
26.10.2016 00:29:59.733,1.2188,1.21868,1.19,1
26.10.2016 00:30:00.183,1.2188,1.21862,1.69,1.5
26.10.2016 00:30:00.695,1.21878,1.21862,1,1.5
26.10.2016 00:30:01.208,1.2188,1.2186299999999999,2.06,1.37
26.10.2016 00:30:01.715,1.2187100000000002,1.2186100000000002,1.69,1
26.10.2016 00:30:02.024,1.21852,1.21842,1,1.75
26.10.2016 00:30:02.279,1.2185000000000001,1.2183700000000002,1,1.12
26.10.2016 00:30:02.715,1.2184700000000002,1.2183700000000002,1,1.12
26.10.2016 00:30:03.238,1.21821,1.21813,2.62,1
26.10.2016 00:30:03.505,1.218,1.21793,1,1
26.10.2016 00:30:04.274,1.21803,1.21793,1,1
26.10.2016 00:30:04.796,1.21805,1.2179200000000001,1.12,1
26.10.2016 00:30:05.442,1.21804,1.2179,1,1.5
26.10.2016 00:30:05.957,1.21805,1.21791,1,1
26.10.2016 00:30:06.464,1.2180600000000001,1.2179,1.12,1.5
26.10.2016 00:30:07.481,1.21805,1.2179,1,1.5
26.10.2016 00:30:08.000,1.21805,1.2179,1.12,1
26.10.2016 00:30:09.459,1.21805,1.2179,1,3
26.10.2016 00:30:10.902,1.21805,1.21791,1,1.5
26.10.2016 00:30:11.055,1.21805,1.2179200000000001,1,1.5
26.10.2016 00:30:13.459,1.2180600000000001,1.2179,1.31,1
26.10.2016 00:30:13.968,1.2180600000000001,1.2179,1.62,1
26.10.2016 00:30:14.551,1.2180600000000001,1.2179,1.31,1
26.10.2016 00:30:15.080,1.21808,1.2179600000000002,1.37,1.5
26.10.2016 00:30:15.386,1.2180700000000002,1.2179600000000002,1.19,1.5
26.10.2016 00:30:18.124,1.21803,1.21795,3.94,1
26.10.2016 00:30:18.176,1.2179600000000002,1.21784,1,1
26.10.2016 00:30:18.736,1.2179600000000002,1.21785,1,1.5
26.10.2016 00:30:19.307,1.21798,1.21785,1,2.25
26.10.2016 00:30:20.538,1.21798,1.21783,1,2.25
26.10.2016 00:30:21.172,1.2179700000000002,1.2178200000000001,1.37,1
26.10.2016 00:30:21.681,1.2179700000000002,1.21783,1.5,1
26.10.2016 00:30:22.222,1.2179700000000002,1.21784,1.5,1
26.10.2016 00:30:23.224,1.2179600000000002,1.21784,1,1
26.10.2016 00:30:26.744,1.2179600000000002,1.21783,1.12,1
26.10.2016 00:30:27.272,1.21795,1.21783,1,1
26.10.2016 00:30:28.091,1.2179700000000002,1.21783,1.5,1
26.10.2016 00:30:29.002,1.2179700000000002,1.21784,1.5,1
26.10.2016 00:30:34.392,1.21795,1.21784,1,1
26.10.2016 00:30:36.671,1.21795,1.2178200000000001,1.12,1
26.10.2016 00:30:37.172,1.2179600000000002,1.2178200000000001,1.12,1
26.10.2016 00:30:42.112,1.2179600000000002,1.21785,1,1.12
26.10.2016 00:30:42.482,1.2179700000000002,1.21788,1.12,1.5
26.10.2016 00:30:43.280,1.2179700000000002,1.21783,1.25,1
26.10.2016 00:30:44.448,1.21795,1.21783,1,1
26.10.2016 00:30:45.278,1.2179600000000002,1.21783,1.5,1
26.10.2016 00:30:47.649,1.2179600000000002,1.2178200000000001,1.12,1
26.10.2016 00:30:47.751,1.21795,1.2178,1,1.5
26.10.2016 00:30:50.777,1.2179600000000002,1.2178,1.12,1.5
26.10.2016 00:30:51.884,1.2179600000000002,1.2178,1.37,1.5
26.10.2016 00:30:52.400,1.2179600000000002,1.2178,1.37,1.5
26.10.2016 00:30:53.284,1.21794,1.2178,1,1.5
26.10.2016 00:30:55.260,1.21795,1.2178,1.12,1.5
26.10.2016 00:30:57.987,1.2179600000000002,1.2178,1.12,1.5
26.10.2016 00:31:00.287,1.2179600000000002,1.2178,1.37,1.5
26.10.2016 00:31:01.030,1.21793,1.2178,1,1.5
26.10.2016 00:31:01.365,1.21793,1.21778,1,2.25
26.10.2016 00:31:02.329,1.21795,1.21778,1.12,2.25
26.10.2016 00:31:04.160,1.21795,1.21778,1.37,1.5
26.10.2016 00:31:06.030,1.21791,1.21778,1,2.25
26.10.2016 00:31:06.473,1.21791,1.2178,1,1.5
26.10.2016 00:31:08.188,1.21791,1.21778,1,2.25
26.10.2016 00:31:09.059,1.2179200000000001,1.21778,1,2.25
26.10.2016 00:31:09.699,1.2179200000000001,1.21779,1,1.5
26.10.2016 00:31:14.067,1.21793,1.21779,1.12,1.5
26.10.2016 00:31:15.069,1.2179200000000001,1.21779,1,2.25
26.10.2016 00:31:23.334,1.2179200000000001,1.21778,1,1.5
26.10.2016 00:31:23.843,1.2179200000000001,1.21779,1.37,1.5
26.10.2016 00:31:24.339,1.21789,1.21778,1,1.5
26.10.2016 00:31:25.258,1.2179,1.21778,1,1.5
26.10.2016 00:31:26.275,1.21789,1.21778,1,1.5
26.10.2016 00:31:28.247,1.2178600000000002,1.21774,1.37,1.5
26.10.2016 00:31:28.320,1.2178600000000002,1.21774,1.37,1.5
26.10.2016 00:31:28.372,1.2178600000000002,1.2177600000000002,1.37,1
26.10.2016 00:31:28.887,1.2178600000000002,1.2177700000000002,1,1
26.10.2016 00:31:29.495,1.2178700000000002,1.21775,1.12,1
26.10.2016 00:31:30.022,1.21788,1.2177600000000002,1,1
26.10.2016 00:31:30.866,1.21789,1.2177600000000002,1.31,1
26.10.2016 00:31:31.369,1.21789,1.2177600000000002,1.62,1
26.10.2016 00:31:32.325,1.21789,1.2177600000000002,1.25,1
26.10.2016 00:31:33.602,1.21789,1.21775,1.25,1.5
26.10.2016 00:31:33.653,1.2178700000000002,1.21775,1,1
26.10.2016 00:31:34.057,1.21785,1.21773,1,1
26.10.2016 00:31:34.108,1.21785,1.2177,1,1.12
26.10.2016 00:31:34.210,1.2178700000000002,1.2177600000000002,1.37,1
26.10.2016 00:31:34.732,1.2178700000000002,1.2177600000000002,1.12,1
26.10.2016 00:31:35.422,1.2178700000000002,1.21775,1.37,1.5
26.10.2016 00:31:35.930,1.2178700000000002,1.21774,1.37,2.25
26.10.2016 00:31:36.426,1.2178700000000002,1.21774,1.12,2.25
26.10.2016 00:31:40.356,1.21789,1.21774,1.25,2.25
26.10.2016 00:31:47.601,1.21789,1.21774,1.19,2.25
26.10.2016 00:31:50.730,1.2179,1.21775,1.12,1.5
26.10.2016 00:31:50.782,1.2179,1.21778,1.12,1
26.10.2016 00:31:51.181,1.2179200000000001,1.21778,2.44,1
26.10.2016 00:31:51.698,1.2179200000000001,1.2177700000000002,2.44,2.25
26.10.2016 00:31:53.194,1.21793,1.2178200000000001,1.56,1.5
26.10.2016 00:31:55.484,1.21793,1.21781,1.19,1.5
26.10.2016 00:32:00.126,1.21793,1.21781,1,1.5
26.10.2016 00:32:01.030,1.21795,1.21781,1.5,1.5
26.10.2016 00:32:01.133,1.2179700000000002,1.21779,1,1.5
26.10.2016 00:32:01.285,1.2179900000000001,1.21779,1,1.5
26.10.2016 00:32:01.840,1.2179600000000002,1.2178,1.5,1.5
26.10.2016 00:32:02.235,1.2179600000000002,1.2178200000000001,1.5,1
26.10.2016 00:32:02.333,1.2179600000000002,1.2178,1.5,1.5
26.10.2016 00:32:02.841,1.2179700000000002,1.21779,2.25,1.5
26.10.2016 00:32:04.240,1.2179600000000002,1.21779,1,1.5
26.10.2016 00:32:04.342,1.2179600000000002,1.21781,1,1
26.10.2016 00:32:20.616,1.2179600000000002,1.21781,1.5,1
26.10.2016 00:32:21.229,1.21795,1.2178,1.5,1
26.10.2016 00:32:26.364,1.21794,1.2178,1,1
26.10.2016 00:32:33.394,1.21795,1.2178,1.5,1
26.10.2016 00:32:35.245,1.21795,1.21783,1.5,1
26.10.2016 00:32:35.754,1.21794,1.2178,1,1
26.10.2016 00:32:38.339,1.21794,1.21781,2.25,1.5
26.10.2016 00:32:40.279,1.21794,1.2178200000000001,1.5,1
26.10.2016 00:32:45.483,1.21794,1.21784,1.5,1
26.10.2016 00:32:46.599,1.2179600000000002,1.21784,4.12,1
26.10.2016 00:32:47.118,1.21795,1.21784,1,1
26.10.2016 00:32:47.727,1.2179600000000002,1.21784,4.12,1
26.10.2016 00:32:49.078,1.2179600000000002,1.2178200000000001,4.12,1
26.10.2016 00:32:55.789,1.21795,1.21784,1.5,1
26.10.2016 00:32:55.877,1.21795,1.2178200000000001,1.5,1.5
26.10.2016 00:32:58.897,1.2179900000000001,1.2178700000000002,1.12,1.5
26.10.2016 00:32:59.052,1.21804,1.2179,2.25,1
26.10.2016 00:32:59.563,1.2180600000000001,1.2179,1.31,1
26.10.2016 00:33:00.668,1.2180600000000001,1.21791,1.31,1.5
26.10.2016 00:33:01.014,1.2180600000000001,1.21788,1.69,3.37
26.10.2016 00:33:01.677,1.2180600000000001,1.2179,3.56,1.5
26.10.2016 00:33:09.066,1.21805,1.2179,1,1.5
26.10.2016 00:33:09.118,1.21805,1.21794,1,1.42
26.10.2016 00:33:09.424,1.21815,1.21805,1.75,1
26.10.2016 00:33:09.527,1.2181700000000002,1.21808,1,1
26.10.2016 00:33:09.993,1.2181700000000002,1.2180600000000001,1,1
26.10.2016 00:33:10.044,1.21821,1.2180600000000001,1.56,1
26.10.2016 00:33:16.004,1.2182,1.21805,1.69,1
26.10.2016 00:33:16.624,1.21819,1.2180600000000001,1.25,1
26.10.2016 00:33:17.126,1.21819,1.21805,1.31,1
26.10.2016 00:33:17.628,1.21818,1.21805,1,1
26.10.2016 00:33:18.828,1.21814,1.21805,1,1
26.10.2016 00:33:18.946,1.21814,1.21801,1,1
26.10.2016 00:33:19.455,1.21815,1.21802,1,1
26.10.2016 00:33:19.506,1.21815,1.218,1,1
26.10.2016 00:33:20.462,1.21814,1.218,1,1
26.10.2016 00:33:23.810,1.2181600000000001,1.218,1.31,1
26.10.2016 00:33:27.821,1.2181700000000002,1.21802,1.19,1
26.10.2016 00:33:28.127,1.2181700000000002,1.218,2.44,4.12
26.10.2016 00:33:28.626,1.2180900000000001,1.21798,1,1
26.10.2016 00:33:28.931,1.2180900000000001,1.2179600000000002,1.19,1
26.10.2016 00:33:29.439,1.2180900000000001,1.21793,1.19,1
26.10.2016 00:33:33.217,1.2180600000000001,1.21793,1,1
26.10.2016 00:33:33.727,1.2180600000000001,1.2179200000000001,1,1
26.10.2016 00:33:33.919,1.2180600000000001,1.2179,1,2.25
26.10.2016 00:33:34.423,1.2180600000000001,1.21791,1,1
26.10.2016 00:33:34.924,1.2180700000000002,1.21791,1.12,1
26.10.2016 00:33:44.427,1.2180600000000001,1.21791,1,1
26.10.2016 00:33:45.437,1.2180600000000001,1.2179200000000001,1,1
26.10.2016 00:33:45.969,1.2180700000000002,1.2179200000000001,1.12,1
26.10.2016 00:33:46.529,1.2180600000000001,1.21791,1,1
26.10.2016 00:33:46.631,1.2180600000000001,1.21791,1.69,1
26.10.2016 00:33:47.479,1.2180600000000001,1.2179200000000001,2.44,1
26.10.2016 00:34:00.430,1.2180600000000001,1.21791,1.69,1
26.10.2016 00:34:01.755,1.2180600000000001,1.2179200000000001,1.69,1
26.10.2016 00:34:02.444,1.2180600000000001,1.21791,1.19,1
26.10.2016 00:34:04.724,1.21805,1.21789,1.19,1.12
26.10.2016 00:34:05.231,1.21803,1.21788,1.5,1.5
26.10.2016 00:34:05.744,1.21804,1.21789,1.69,1.5
26.10.2016 00:34:10.565,1.21804,1.21789,2.44,3
26.10.2016 00:34:10.828,1.2179600000000002,1.21789,1.25,1.5
26.10.2016 00:34:11.601,1.21793,1.2178,2.62,1
26.10.2016 00:34:17.000,1.21794,1.21779,1.12,3.75
26.10.2016 00:34:17.535,1.21794,1.2178,1.37,1
26.10.2016 00:34:19.185,1.2179200000000001,1.2178,1.69,1
26.10.2016 00:34:19.338,1.2179,1.2177600000000002,1.69,1
26.10.2016 00:34:19.390,1.21785,1.21775,1,1.57
26.10.2016 00:34:19.543,1.21785,1.21771,1.12,2.25
26.10.2016 00:34:34.461,1.21784,1.21771,1.12,1
26.10.2016 00:34:36.496,1.21783,1.2177,1,1
26.10.2016 00:34:37.536,1.21784,1.2177,1.5,1
26.10.2016 00:34:38.458,1.21781,1.21768,1.25,2.25
26.10.2016 00:34:40.523,1.2178,1.21768,1,1.5
26.10.2016 00:34:41.178,1.2178,1.21769,1,1
26.10.2016 00:35:02.495,1.21778,1.21768,1,1
26.10.2016 00:35:02.698,1.21773,1.21761,1.12,1
26.10.2016 00:35:10.577,1.2177,1.2176500000000001,1,1
26.10.2016 00:35:10.629,1.2177,1.21763,1,1.5
26.10.2016 00:35:10.680,1.21773,1.21761,1,1
26.10.2016 00:35:11.197,1.2177200000000001,1.21761,1.5,1
26.10.2016 00:35:12.383,1.21771,1.21761,1,1
26.10.2016 00:35:13.338,1.21771,1.2176200000000001,1,1
26.10.2016 00:35:14.371,1.2177200000000001,1.2176200000000001,2.62,1
26.10.2016 00:35:17.729,1.21771,1.2176200000000001,1.12,1
26.10.2016 00:35:22.782,1.2177,1.2176,1,1
26.10.2016 00:35:23.116,1.2177,1.2176200000000001,1,1
26.10.2016 00:35:23.634,1.21771,1.2176200000000001,1,1
26.10.2016 00:35:26.736,1.21771,1.2176,1,1
26.10.2016 00:35:27.666,1.2177200000000001,1.2176,2.62,1
26.10.2016 00:35:29.835,1.21771,1.21759,1,1
26.10.2016 00:35:29.937,1.21771,1.21757,1,1.5
26.10.2016 00:35:30.885,1.2177200000000001,1.21757,2.25,1.5
26.10.2016 00:35:31.982,1.2177200000000001,1.21757,3.37,1.5
26.10.2016 00:35:35.111,1.21769,1.21757,1,1.5
26.10.2016 00:35:35.162,1.2177,1.2175500000000001,1,1
26.10.2016 00:35:35.265,1.21768,1.21753,1,1.9
26.10.2016 00:35:35.367,1.21767,1.21751,1,1
26.10.2016 00:35:35.470,1.21768,1.21747,2.25,1.37
26.10.2016 00:35:35.956,1.21764,1.21746,1,1.5
26.10.2016 00:35:38.701,1.21763,1.2174500000000001,1.12,1.05
26.10.2016 00:35:39.524,1.21763,1.21744,1,1.65
26.10.2016 00:35:40.665,1.21763,1.21743,1.12,2.02
26.10.2016 00:35:41.174,1.21763,1.21743,2.25,3.52
26.10.2016 00:35:41.962,1.21763,1.21743,2.62,2.77
26.10.2016 00:35:44.470,1.21761,1.21743,1,2.4
26.10.2016 00:35:45.875,1.21761,1.21743,1.12,2.4
26.10.2016 00:35:46.387,1.21761,1.21743,1.12,2.4
26.10.2016 00:35:47.902,1.21761,1.21743,1.12,2.4
26.10.2016 00:35:48.415,1.2176200000000001,1.2174200000000002,1,2.02
26.10.2016 00:35:49.424,1.2176200000000001,1.21741,1,3.22
26.10.2016 00:35:49.476,1.2175799999999999,1.21739,1,1.12
26.10.2016 00:35:49.681,1.21757,1.21736,1,1
26.10.2016 00:35:49.733,1.2175600000000002,1.21738,1,1
26.10.2016 00:35:50.281,1.21748,1.2173500000000002,2.62,1.42
26.10.2016 00:35:50.620,1.21741,1.21733,1,1
26.10.2016 00:35:50.672,1.21741,1.21729,1,2.62
26.10.2016 00:35:50.927,1.21741,1.2173200000000002,1,1
26.10.2016 00:35:50.979,1.21743,1.2173,2.25,2.25
26.10.2016 00:35:51.498,1.2174200000000002,1.2173100000000001,1.5,1.5
26.10.2016 00:35:52.509,1.2174200000000002,1.2173200000000002,1.5,1
26.10.2016 00:35:52.560,1.2174200000000002,1.21729,1.5,1.12
26.10.2016 00:35:53.323,1.21746,1.2173,2.25,1.5
26.10.2016 00:35:53.476,1.21743,1.2173100000000001,1.5,1.5
26.10.2016 00:35:54.100,1.2174500000000001,1.2173100000000001,1.5,1.5
26.10.2016 00:35:54.609,1.21744,1.2173,1.5,1.5
26.10.2016 00:35:55.122,1.2174500000000001,1.2173100000000001,3.37,1.5
26.10.2016 00:35:56.194,1.2174500000000001,1.2173,1.87,1.5
26.10.2016 00:35:56.822,1.21744,1.2173,1.5,1.5
26.10.2016 00:35:57.504,1.2174500000000001,1.2173,2.25,1.5
26.10.2016 00:35:58.394,1.21743,1.21728,1.5,1.37
26.10.2016 00:35:58.700,1.21738,1.21724,1,1.37
26.10.2016 00:35:58.854,1.21738,1.2172200000000002,1.5,1.5
26.10.2016 00:35:58.956,1.21738,1.2172100000000001,1,1.5
26.10.2016 00:35:59.413,1.21739,1.21723,1.12,1
26.10.2016 00:35:59.464,1.21741,1.21723,3,1
26.10.2016 00:35:59.977,1.2174200000000002,1.21723,1.5,1
26.10.2016 00:36:00.487,1.21741,1.21723,1,1.5
26.10.2016 00:36:01.365,1.21741,1.21729,1,1.45
26.10.2016 00:36:01.416,1.21743,1.2173100000000001,1.12,1.05
26.10.2016 00:36:01.468,1.2174500000000001,1.2173,1.5,2.1
26.10.2016 00:36:01.622,1.2174500000000001,1.21726,1.37,1
26.10.2016 00:36:02.132,1.2174500000000001,1.21726,1.12,1.05
26.10.2016 00:36:02.488,1.21744,1.21728,1,1
26.10.2016 00:36:02.880,1.21744,1.21726,1,1
26.10.2016 00:36:03.644,1.21744,1.21724,1,2.25
26.10.2016 00:36:04.392,1.21743,1.2172500000000002,1,1.3
26.10.2016 00:36:04.902,1.21743,1.21724,1.12,3
26.10.2016 00:36:05.410,1.21746,1.21724,1.37,2.25
26.10.2016 00:36:05.461,1.21747,1.21724,3,3
26.10.2016 00:36:06.495,1.21746,1.2173100000000001,1.5,1.5
26.10.2016 00:36:07.020,1.2174500000000001,1.2173100000000001,1,1.5
26.10.2016 00:36:07.837,1.21746,1.2173100000000001,1.5,1.5
26.10.2016 00:36:08.222,1.2174200000000002,1.2172500000000002,1,1
26.10.2016 00:36:08.732,1.2174200000000002,1.21724,1,1
26.10.2016 00:36:08.885,1.21746,1.21724,1.37,1.12
26.10.2016 00:36:09.089,1.21746,1.21724,1.87,1.12
26.10.2016 00:36:09.961,1.2174500000000001,1.2173,1.12,1.5
26.10.2016 00:36:10.166,1.21744,1.21723,1,3.75
26.10.2016 00:36:10.729,1.21738,1.2172200000000002,1,2.4
26.10.2016 00:36:11.244,1.21738,1.21724,1,2.25
26.10.2016 00:36:11.904,1.2174,1.21724,1.12,2.25
26.10.2016 00:36:12.413,1.2174,1.21724,1.12,2.25
26.10.2016 00:36:12.924,1.21741,1.21724,1,2.25
26.10.2016 00:36:13.447,1.21741,1.21724,1,2.25
26.10.2016 00:36:14.429,1.21739,1.21724,1,2.25
26.10.2016 00:36:15.327,1.21739,1.21724,1,2.25
26.10.2016 00:36:15.899,1.2174,1.21724,1.12,2.25
26.10.2016 00:36:16.505,1.21739,1.21724,1,1.8
26.10.2016 00:36:18.021,1.2174,1.21724,1.12,1.8
26.10.2016 00:36:18.777,1.2174,1.21724,1.12,1.8
26.10.2016 00:36:21.865,1.21741,1.2172100000000001,1.37,1.45
26.10.2016 00:36:21.968,1.21741,1.2172,1,2.25
26.10.2016 00:36:24.463,1.2174,1.2172,1,1.5
26.10.2016 00:36:24.769,1.2174,1.21726,1.12,1
26.10.2016 00:36:25.239,1.21743,1.21723,1,2.25
26.10.2016 00:36:25.909,1.21743,1.21723,1,2.4
26.10.2016 00:36:26.214,1.21743,1.21727,1,1
26.10.2016 00:36:26.520,1.21741,1.21726,1,1
26.10.2016 00:36:27.526,1.21744,1.21726,1.87,1
26.10.2016 00:36:27.679,1.21744,1.21726,1.87,1
26.10.2016 00:36:28.926,1.21741,1.21726,1,1
26.10.2016 00:36:29.488,1.21741,1.21727,1,1
26.10.2016 00:36:29.997,1.2174200000000002,1.21726,1,1
26.10.2016 00:36:30.582,1.2174200000000002,1.21727,1,1
26.10.2016 00:36:30.890,1.21757,1.21733,1.5,3.9
26.10.2016 00:36:31.044,1.21757,1.21737,1,1
26.10.2016 00:36:31.554,1.21757,1.21736,1.5,2.25
26.10.2016 00:36:31.990,1.21757,1.21738,1,1
26.10.2016 00:36:32.297,1.21759,1.21739,2.25,1
26.10.2016 00:36:32.401,1.21759,1.2174200000000002,1.5,1.5
26.10.2016 00:36:32.708,1.21761,1.21743,1.87,3
26.10.2016 00:36:33.436,1.2176200000000001,1.21743,3,2.25
26.10.2016 00:36:33.964,1.21761,1.21743,2.25,2.4
26.10.2016 00:36:34.499,1.2176200000000001,1.21743,1,2.25
26.10.2016 00:36:34.805,1.2176500000000001,1.21743,3,3
26.10.2016 00:36:35.344,1.21764,1.21744,1,1
26.10.2016 00:36:35.868,1.21764,1.21744,3,1.8
26.10.2016 00:36:36.379,1.21764,1.21744,3.37,1.8
26.10.2016 00:36:37.086,1.21763,1.21744,1.12,1.8
26.10.2016 00:36:39.076,1.2176200000000001,1.21744,1,1.8
26.10.2016 00:36:40.103,1.21763,1.21744,1.12,1.8
26.10.2016 00:36:41.978,1.21763,1.21744,1.5,1.8
26.10.2016 00:36:42.669,1.2176200000000001,1.21744,1,1.8
26.10.2016 00:36:44.331,1.2176200000000001,1.21744,1.12,1.8
26.10.2016 00:36:45.092,1.21761,1.21744,1,1.8
26.10.2016 00:36:45.780,1.21759,1.21744,1,1.5
26.10.2016 00:36:45.832,1.2175500000000001,1.21738,1,1
26.10.2016 00:36:45.884,1.21757,1.21736,1,1.37
26.10.2016 00:36:45.936,1.21757,1.2173500000000002,1.37,1
26.10.2016 00:36:46.295,1.21753,1.2173100000000001,1,1.87
26.10.2016 00:36:46.346,1.2175200000000002,1.2173100000000001,1,1
26.10.2016 00:36:46.863,1.21753,1.2173200000000002,1,1
26.10.2016 00:36:47.371,1.2175200000000002,1.2173200000000002,1,1
26.10.2016 00:36:47.893,1.2175200000000002,1.2173100000000001,1,1
26.10.2016 00:36:48.712,1.2175200000000002,1.2173200000000002,1,1
26.10.2016 00:36:49.180,1.2175,1.2173200000000002,1,1
26.10.2016 00:36:49.689,1.2175,1.2173100000000001,1,1
26.10.2016 00:36:50.371,1.21749,1.2173100000000001,1,1
26.10.2016 00:36:50.981,1.21749,1.2173200000000002,1,1
26.10.2016 00:36:51.490,1.21748,1.2173200000000002,1,1
26.10.2016 00:36:52.414,1.21748,1.2173100000000001,1,1
26.10.2016 00:36:52.618,1.21754,1.2173500000000002,1,1
26.10.2016 00:36:52.773,1.2175600000000002,1.2173500000000002,2.25,1
26.10.2016 00:36:52.927,1.2175600000000002,1.21738,1,1
26.10.2016 00:36:52.979,1.2175500000000001,1.21736,1,1
26.10.2016 00:36:53.133,1.21754,1.21738,1,1
26.10.2016 00:36:53.338,1.2175600000000002,1.21739,1,1
26.10.2016 00:36:53.389,1.21754,1.21738,1,1
26.10.2016 00:36:53.984,1.21754,1.21739,1,1
26.10.2016 00:36:54.343,1.2175600000000002,1.21738,1,1
26.10.2016 00:36:54.873,1.2175500000000001,1.21739,1,1
26.10.2016 00:36:55.734,1.2175500000000001,1.21738,1,1
26.10.2016 00:36:56.244,1.21757,1.21738,1,1
26.10.2016 00:36:56.755,1.21757,1.21739,1.5,1
26.10.2016 00:36:57.262,1.2175500000000001,1.21738,1,1
26.10.2016 00:36:57.792,1.2175500000000001,1.21739,1,1
26.10.2016 00:36:58.319,1.2175500000000001,1.21738,1.5,1
26.10.2016 00:36:59.824,1.2175500000000001,1.21739,1.5,1
26.10.2016 00:37:00.126,1.21753,1.21738,1.37,1
26.10.2016 00:37:01.609,1.2175600000000002,1.21738,2.25,1
26.10.2016 00:37:02.118,1.2175500000000001,1.21737,1,1
26.10.2016 00:37:02.633,1.2175500000000001,1.21736,1,1
26.10.2016 00:37:03.764,1.2175500000000001,1.21737,2.25,1
26.10.2016 00:37:04.274,1.2175500000000001,1.21736,2.62,1
26.10.2016 00:37:04.795,1.2175500000000001,1.21736,1,1
26.10.2016 00:37:05.592,1.21754,1.21737,1,1
26.10.2016 00:37:05.898,1.2175200000000002,1.21736,1,1
26.10.2016 00:37:07.372,1.2175200000000002,1.21737,1,1
26.10.2016 00:37:07.882,1.21751,1.21736,1,1
26.10.2016 00:37:08.623,1.21759,1.21748,1.5,1
26.10.2016 00:37:08.686,1.2176600000000002,1.21746,1,1.5
26.10.2016 00:37:08.788,1.21764,1.21746,1,2.25
26.10.2016 00:37:09.093,1.2176200000000001,1.21746,2.25,1.5
26.10.2016 00:37:09.152,1.2176200000000001,1.21743,2.25,2.62
26.10.2016 00:37:09.560,1.2176,1.21743,1,2.4
26.10.2016 00:37:09.662,1.2176200000000001,1.2174200000000002,1.5,2.4
26.10.2016 00:37:10.163,1.21761,1.21743,1,2.25
26.10.2016 00:37:10.884,1.2176200000000001,1.21743,2.25,2.25
26.10.2016 00:37:11.905,1.2176,1.21743,1.12,2.25
26.10.2016 00:37:14.147,1.21759,1.21743,1,2.25
26.10.2016 00:37:16.633,1.2175799999999999,1.21743,1,2.25
26.10.2016 00:37:18.814,1.21759,1.21743,1.12,2.25
26.10.2016 00:37:23.873,1.21759,1.21743,1,2.4
26.10.2016 00:37:24.418,1.21759,1.21743,1,2.25
26.10.2016 00:37:24.571,1.21761,1.21743,1,2.25
26.10.2016 00:37:25.317,1.21761,1.21743,1,2.4
26.10.2016 00:37:25.834,1.2176,1.21743,1.12,2.25
26.10.2016 00:37:26.752,1.2176,1.21743,1.12,2.4
26.10.2016 00:37:27.426,1.2176,1.21743,1.12,2.25
26.10.2016 00:37:31.069,1.2176,1.21743,1.12,2.4
26.10.2016 00:37:31.586,1.2176,1.21743,1.12,2.25
26.10.2016 00:37:31.739,1.21763,1.21743,1,2.25
26.10.2016 00:37:32.770,1.2176500000000001,1.21743,2.62,2.25
26.10.2016 00:37:33.276,1.2176500000000001,1.21743,1.12,2.4
26.10.2016 00:37:33.801,1.2176600000000002,1.21743,4.12,2.25
26.10.2016 00:37:34.668,1.2176500000000001,1.21743,1.37,2.4
26.10.2016 00:37:35.632,1.2176600000000002,1.21743,2.25,2.25
26.10.2016 00:37:39.694,1.2176600000000002,1.21744,1,1.8
26.10.2016 00:37:40.232,1.2176600000000002,1.21744,1,1.8
26.10.2016 00:37:40.742,1.2176600000000002,1.21744,1,1.8
26.10.2016 00:37:41.257,1.2176600000000002,1.21744,1,1.8
26.10.2016 00:37:43.456,1.2176600000000002,1.21744,1,1.8
26.10.2016 00:37:44.083,1.2176600000000002,1.21744,1,1.8
26.10.2016 00:37:44.660,1.2176600000000002,1.21744,1,1.8
26.10.2016 00:37:44.813,1.21768,1.21743,2.25,3.15
26.10.2016 00:37:45.543,1.21768,1.21744,1,1
26.10.2016 00:37:46.073,1.21767,1.21744,1,1
26.10.2016 00:37:48.802,1.21768,1.21744,1,1
26.10.2016 00:37:49.298,1.21768,1.2174500000000001,1,1.87
26.10.2016 00:37:51.385,1.21767,1.21744,1,4.87
26.10.2016 00:37:53.170,1.21769,1.21744,1.5,4.12
26.10.2016 00:37:55.178,1.21769,1.2174500000000001,1.5,1.87
26.10.2016 00:38:01.709,1.21768,1.2174500000000001,1,1.87
26.10.2016 00:38:01.812,1.21768,1.21744,1,2.62
26.10.2016 00:38:02.880,1.21768,1.21744,1,4.12
26.10.2016 00:38:03.085,1.21768,1.21744,1,2.62
26.10.2016 00:38:03.733,1.21767,1.21744,1,1.12
26.10.2016 00:38:04.821,1.2176600000000002,1.21744,1,1.4
26.10.2016 00:38:05.330,1.21767,1.2174200000000002,1.5,2.4
26.10.2016 00:38:06.120,1.2176600000000002,1.2174200000000002,1,2.4
26.10.2016 00:38:06.205,1.21768,1.2174200000000002,1.5,3.15
26.10.2016 00:38:06.713,1.21768,1.2174200000000002,2.25,3.15
26.10.2016 00:38:07.170,1.2176600000000002,1.2174200000000002,1,3.15
26.10.2016 00:38:12.130,1.21768,1.2174200000000002,1,3.52
26.10.2016 00:38:15.921,1.21767,1.2174200000000002,1,2.77
26.10.2016 00:38:16.864,1.21768,1.21743,3,2.4
26.10.2016 00:38:17.368,1.21768,1.21744,1,1.8
26.10.2016 00:38:18.778,1.21768,1.21744,1,1.8
26.10.2016 00:38:19.376,1.21768,1.21744,1,1.8
26.10.2016 00:38:20.092,1.21768,1.21744,1,1.8
26.10.2016 00:38:20.640,1.21767,1.21744,1,1.8
26.10.2016 00:38:21.199,1.21767,1.21744,1,1.8
26.10.2016 00:38:22.363,1.21767,1.21744,1,1.8
26.10.2016 00:38:23.532,1.21767,1.21744,1,1.8
26.10.2016 00:38:24.044,1.21767,1.21744,1,1.8
26.10.2016 00:38:27.114,1.2176600000000002,1.21744,1,2.25
26.10.2016 00:38:27.627,1.21768,1.21744,1,1
26.10.2016 00:38:28.971,1.21768,1.21743,1.5,2.4
26.10.2016 00:38:29.643,1.21768,1.21744,1,1
26.10.2016 00:38:30.378,1.21768,1.21743,1,2.4
26.10.2016 00:38:30.886,1.21768,1.21744,1,1
26.10.2016 00:38:32.249,1.21768,1.21743,1,2.4
26.10.2016 00:38:33.427,1.21768,1.21744,1,1
26.10.2016 00:38:34.138,1.21768,1.21743,1,2.4
26.10.2016 00:38:34.680,1.21768,1.21744,1,1
26.10.2016 00:38:35.590,1.21768,1.21744,1,1.4
26.10.2016 00:38:36.099,1.21768,1.21744,1,1
26.10.2016 00:38:37.686,1.21768,1.21743,1.5,2.77
26.10.2016 00:38:38.929,1.21768,1.21744,1,1
26.10.2016 00:38:39.893,1.21768,1.21744,1,1.37
26.10.2016 00:38:40.509,1.21767,1.21743,1.5,2.77
26.10.2016 00:38:53.836,1.21767,1.21744,1,1
26.10.2016 00:39:03.266,1.2176600000000002,1.21744,1,1
26.10.2016 00:39:03.318,1.21768,1.21744,1,1
26.10.2016 00:39:07.833,1.21767,1.2174200000000002,1,2.4
26.10.2016 00:39:17.214,1.21767,1.2174200000000002,1.5,2.4
26.10.2016 00:39:18.446,1.21768,1.2174200000000002,1.5,2.4
26.10.2016 00:39:20.876,1.21768,1.2174200000000002,1,2.4
26.10.2016 00:39:24.230,1.2176600000000002,1.21744,1,1
26.10.2016 00:39:25.028,1.2176600000000002,1.21743,1.5,2.4
26.10.2016 00:39:25.637,1.2176600000000002,1.21744,1,1
26.10.2016 00:39:26.141,1.2176600000000002,1.21743,1.5,2.4
26.10.2016 00:39:26.649,1.2176600000000002,1.21746,1,1.5
26.10.2016 00:39:26.802,1.2176600000000002,1.21744,1,2.25
26.10.2016 00:39:28.248,1.2176600000000002,1.21743,1,2.4
26.10.2016 00:39:28.756,1.2176600000000002,1.21744,1,2.25
26.10.2016 00:39:29.263,1.2176600000000002,1.21743,1,3.9
26.10.2016 00:39:31.095,1.2176600000000002,1.21746,1,1.5
26.10.2016 00:39:32.240,1.21768,1.21746,1,1.5
26.10.2016 00:39:33.399,1.21768,1.21747,1,1.5
26.10.2016 00:39:35.072,1.21769,1.21747,1,1.5
26.10.2016 00:39:35.742,1.21768,1.21746,1,2.25
26.10.2016 00:39:44.879,1.21768,1.21746,1,2.25
26.10.2016 00:39:44.931,1.21768,1.21746,1,2.25
26.10.2016 00:39:46.625,1.21769,1.21746,1,2.25
26.10.2016 00:39:54.122,1.21768,1.21746,1,2.25
26.10.2016 00:39:54.878,1.21769,1.21746,1.5,2.25
26.10.2016 00:39:55.385,1.21768,1.21746,1,2.25
26.10.2016 00:39:55.925,1.21769,1.21746,1.5,2.25
26.10.2016 00:39:56.511,1.21768,1.21746,1,2.25
26.10.2016 00:39:57.612,1.21769,1.21746,1.5,2.25
26.10.2016 00:39:59.580,1.21768,1.21746,1,2.25
26.10.2016 00:40:00.093,1.21769,1.21746,1,2.25
26.10.2016 00:40:01.570,1.21768,1.21746,1,2.25
26.10.2016 00:40:02.534,1.21769,1.21746,1.5,2.25
26.10.2016 00:40:06.377,1.21768,1.21746,1,2.25
26.10.2016 00:40:06.902,1.21769,1.21746,1.5,2.25
26.10.2016 00:40:07.769,1.21768,1.21746,1,2.25
26.10.2016 00:40:08.775,1.21769,1.21746,1.5,2.25
26.10.2016 00:40:09.030,1.21768,1.21746,1,1.5
26.10.2016 00:40:09.635,1.21769,1.21746,1.5,1.5
26.10.2016 00:40:10.821,1.21768,1.21746,1,1.5
26.10.2016 00:40:11.371,1.21769,1.21746,1.5,1.5
26.10.2016 00:40:15.370,1.21768,1.21746,1,1.5
26.10.2016 00:40:17.379,1.2176,1.2174,1.5,1.5
26.10.2016 00:40:17.490,1.2176200000000001,1.2174200000000002,1.5,1.5
26.10.2016 00:40:17.899,1.21757,1.21741,1.5,1.87
26.10.2016 00:40:18.206,1.2176,1.21741,1.5,1.87
26.10.2016 00:40:18.747,1.2176,1.21746,1.5,1
26.10.2016 00:40:18.798,1.2176600000000002,1.21749,1,1.5
26.10.2016 00:40:18.901,1.21774,1.21747,2.25,1.5
26.10.2016 00:40:19.055,1.2177200000000001,1.21747,1,1.5
26.10.2016 00:40:19.259,1.21774,1.21747,2.25,2.25
26.10.2016 00:40:19.769,1.21773,1.21746,1,2.62
26.10.2016 00:40:20.836,1.2177200000000001,1.21746,3,1.12
26.10.2016 00:40:20.888,1.21771,1.2174500000000001,1.5,1.12
26.10.2016 00:40:21.399,1.2177200000000001,1.21746,2.25,1.12
26.10.2016 00:40:22.119,1.2177200000000001,1.2174500000000001,3.75,1
26.10.2016 00:40:23.357,1.21771,1.2174500000000001,1,1
26.10.2016 00:40:23.865,1.21771,1.21746,1,1.5
26.10.2016 00:40:24.362,1.21761,1.2174500000000001,1,1.5
26.10.2016 00:40:24.414,1.21767,1.21743,1.8,1.5
26.10.2016 00:40:24.618,1.21767,1.2174500000000001,1.8,1
26.10.2016 00:40:25.076,1.21769,1.21746,1.45,1
26.10.2016 00:40:25.230,1.2177,1.21747,1,1.5
26.10.2016 00:40:25.281,1.2177,1.21744,2.25,2.62
26.10.2016 00:40:26.206,1.21757,1.2174500000000001,1.12,1
26.10.2016 00:40:26.513,1.21754,1.2174200000000002,1.5,1
26.10.2016 00:40:26.717,1.21754,1.21739,1.5,1
26.10.2016 00:40:28.029,1.2175200000000002,1.21739,1,2.25
26.10.2016 00:40:28.234,1.21754,1.21739,1.5,2.25
26.10.2016 00:40:29.019,1.21753,1.21739,1,2.25
26.10.2016 00:40:29.532,1.21754,1.21739,1.5,2.25
26.10.2016 00:40:30.038,1.2175200000000002,1.21739,1,2.25
26.10.2016 00:40:30.141,1.21754,1.21739,1.5,2.25
26.10.2016 00:40:31.043,1.2175200000000002,1.21739,1,2.25
26.10.2016 00:40:31.146,1.21754,1.21739,1.5,2.25
26.10.2016 00:40:31.503,1.2175200000000002,1.21739,1,2.25
26.10.2016 00:40:31.605,1.21754,1.21739,1.5,2.25
26.10.2016 00:40:32.801,1.21754,1.21743,1.5,1
26.10.2016 00:40:33.342,1.21754,1.21744,1.5,1
26.10.2016 00:40:34.752,1.21754,1.2174500000000001,1.5,1
26.10.2016 00:40:43.627,1.21757,1.21747,2.25,1.5
26.10.2016 00:40:43.678,1.21764,1.21747,1.87,1.5
26.10.2016 00:40:43.730,1.2176600000000002,1.2174500000000001,1.5,3
26.10.2016 00:40:43.781,1.21768,1.21746,1.5,1.5
26.10.2016 00:40:44.138,1.21768,1.21746,1,2.62
26.10.2016 00:40:44.883,1.21773,1.21746,1.5,2.62
26.10.2016 00:40:45.709,1.21773,1.2175,1,1
26.10.2016 00:40:45.761,1.2177600000000002,1.2175,2.55,1.12
26.10.2016 00:40:46.514,1.2177600000000002,1.21751,1.5,1
26.10.2016 00:40:46.720,1.2177700000000002,1.21753,1,1.3
26.10.2016 00:40:46.977,1.21781,1.21757,2.25,1.5
26.10.2016 00:40:47.344,1.21781,1.2175500000000001,1,2.62
26.10.2016 00:40:47.395,1.21783,1.2175500000000001,1,1
26.10.2016 00:40:47.465,1.21781,1.2175500000000001,1,1.12
26.10.2016 00:40:47.771,1.21784,1.2175600000000002,2.25,1.87
26.10.2016 00:40:48.128,1.21783,1.2175600000000002,1.12,3
26.10.2016 00:40:48.673,1.2178200000000001,1.2175799999999999,1,2.25
26.10.2016 00:40:49.188,1.21783,1.21757,1.12,1.5
26.10.2016 00:40:49.747,1.21784,1.21759,2.02,1
26.10.2016 00:40:50.262,1.21783,1.21757,1.12,2.62
26.10.2016 00:40:51.618,1.2178200000000001,1.2175799999999999,1,1
26.10.2016 00:40:52.150,1.21784,1.21757,1.37,1.5
26.10.2016 00:40:52.988,1.21785,1.2175799999999999,3.9,1.87
26.10.2016 00:40:58.290,1.2178200000000001,1.2175799999999999,1,3
26.10.2016 00:40:58.798,1.21785,1.21759,3.52,1.37
26.10.2016 00:40:59.104,1.2178200000000001,1.2175600000000002,1.37,1.37
26.10.2016 00:40:59.156,1.2178200000000001,1.2175600000000002,1,1.5
26.10.2016 00:40:59.308,1.21784,1.2175799999999999,3.75,1
26.10.2016 00:40:59.818,1.21784,1.2176,2.25,1
26.10.2016 00:41:00.325,1.2178600000000002,1.21759,2.4,2.25
26.10.2016 00:41:00.783,1.21785,1.21761,1.95,1
26.10.2016 00:41:01.763,1.21784,1.2176,1.65,2.25
26.10.2016 00:41:03.088,1.2178600000000002,1.2176,1.9,3
26.10.2016 00:41:03.589,1.2178600000000002,1.2176,1.9,1
26.10.2016 00:41:04.150,1.2178600000000002,1.21759,3.15,1.12
26.10.2016 00:41:04.660,1.21785,1.2176,1.95,1
26.10.2016 00:41:05.427,1.21785,1.21759,1.9,2.25
26.10.2016 00:41:06.041,1.21784,1.2176,1.65,1
26.10.2016 00:41:06.093,1.21784,1.21759,2.4,1.12
26.10.2016 00:41:06.524,1.21784,1.21757,1.87,1.12
26.10.2016 00:41:07.288,1.21781,1.21757,1.5,1.12
26.10.2016 00:41:07.348,1.21781,1.21757,1.12,1.12
26.10.2016 00:41:08.273,1.2178,1.2175600000000002,1,3.37
26.10.2016 00:41:08.832,1.21783,1.2175600000000002,2.44,3.37
26.10.2016 00:41:09.938,1.2178200000000001,1.21757,1.5,1.12
26.10.2016 00:41:10.090,1.21781,1.2175600000000002,1.5,3.37
26.10.2016 00:41:10.599,1.21781,1.2175600000000002,1.12,3.37
26.10.2016 00:41:10.752,1.21783,1.2175600000000002,2.44,3.37
26.10.2016 00:41:13.748,1.21778,1.21759,1,1
26.10.2016 00:41:14.059,1.21761,1.2175,1.12,1
26.10.2016 00:41:14.365,1.2176,1.21748,1.27,1
26.10.2016 00:41:14.912,1.2175799999999999,1.21748,1.59,1
26.10.2016 00:41:15.131,1.2175799999999999,1.21748,1.27,1
26.10.2016 00:41:15.389,1.2175799999999999,1.21744,1.27,1
26.10.2016 00:41:15.903,1.21761,1.21744,6.52,1
26.10.2016 00:41:15.956,1.21761,1.21744,8.02,1
26.10.2016 00:41:16.059,1.21761,1.21744,6.52,1
26.10.2016 00:41:16.600,1.2176,1.21743,4.27,1
26.10.2016 00:41:16.704,1.2176,1.21743,5.77,1
26.10.2016 00:41:16.858,1.21759,1.21743,1.65,1
26.10.2016 00:41:16.961,1.21759,1.21743,1.65,1
26.10.2016 00:41:17.012,1.21759,1.21743,1.65,1
26.10.2016 00:41:17.166,1.21759,1.2174500000000001,1.65,1
26.10.2016 00:41:17.523,1.21759,1.2174500000000001,1.65,1
26.10.2016 00:41:18.123,1.21759,1.2174500000000001,1.65,1
26.10.2016 00:41:18.174,1.21759,1.2174500000000001,1.65,1
26.10.2016 00:41:18.276,1.21759,1.2174500000000001,1.65,1
26.10.2016 00:41:18.825,1.2175799999999999,1.2174500000000001,1.57,1
26.10.2016 00:41:19.333,1.21759,1.2174500000000001,1.31,1
26.10.2016 00:41:19.841,1.2175799999999999,1.21746,1.57,1
26.10.2016 00:41:20.348,1.21759,1.21744,2.4,1
26.10.2016 00:41:22.005,1.2175799999999999,1.21743,1.25,1
26.10.2016 00:41:22.681,1.2175799999999999,1.2174500000000001,1.25,1
26.10.2016 00:41:23.655,1.2175799999999999,1.2174200000000002,1.25,1
26.10.2016 00:41:24.164,1.2175799999999999,1.21743,1.25,1
26.10.2016 00:41:25.815,1.2175799999999999,1.2174200000000002,1.25,1
26.10.2016 00:41:26.324,1.2175799999999999,1.21743,1.25,1
26.10.2016 00:41:26.864,1.2175799999999999,1.2174200000000002,1.25,1
26.10.2016 00:41:27.410,1.2175799999999999,1.21743,1.27,1
26.10.2016 00:41:27.957,1.2175799999999999,1.2174200000000002,1.25,1
26.10.2016 00:41:28.726,1.2175799999999999,1.21743,1.25,1
26.10.2016 00:41:29.523,1.2175799999999999,1.21744,1.25,1
26.10.2016 00:41:30.031,1.2175799999999999,1.21743,1.25,1
26.10.2016 00:41:31.027,1.2175799999999999,1.2174200000000002,1.25,1
26.10.2016 00:41:31.621,1.21759,1.21744,3.94,1
26.10.2016 00:41:32.491,1.21759,1.2174200000000002,3.94,1
26.10.2016 00:41:33.433,1.21761,1.2174200000000002,2.06,1
26.10.2016 00:41:33.637,1.21763,1.21744,3.56,3.25
26.10.2016 00:41:33.790,1.21764,1.21746,3.19,1
26.10.2016 00:41:33.892,1.21764,1.21746,3.56,1.5
26.10.2016 00:41:34.405,1.21764,1.21746,2.06,1.5
26.10.2016 00:41:35.405,1.21763,1.21746,1.69,1.5
26.10.2016 00:41:35.915,1.21763,1.21746,1.69,1.5
26.10.2016 00:41:36.776,1.21763,1.2174500000000001,1.69,2.25
26.10.2016 00:41:37.616,1.21764,1.2174500000000001,2.81,2.5
26.10.2016 00:41:38.839,1.21764,1.2174500000000001,1.31,2.25
26.10.2016 00:41:39.356,1.21764,1.21747,2.44,1.5
26.10.2016 00:41:39.461,1.21764,1.2174500000000001,1.19,2.25
26.10.2016 00:41:40.160,1.21764,1.21746,1.19,1.5
26.10.2016 00:41:40.567,1.21764,1.21744,2.44,1
26.10.2016 00:41:40.973,1.21764,1.21748,2.44,1
26.10.2016 00:41:41.521,1.21764,1.21749,1.31,1
26.10.2016 00:41:41.780,1.21764,1.21747,1.19,1
26.10.2016 00:41:42.694,1.21764,1.21748,2.81,1
26.10.2016 00:41:42.796,1.21764,1.21746,2.44,1.5
26.10.2016 00:41:44.052,1.21764,1.21747,1.31,1
26.10.2016 00:41:45.262,1.2176500000000001,1.21747,2.25,1
26.10.2016 00:41:45.365,1.2176500000000001,1.21749,2.25,1
26.10.2016 00:41:45.774,1.2176500000000001,1.21747,1.87,2.25
26.10.2016 00:41:46.491,1.2176500000000001,1.2175200000000002,1.5,1
26.10.2016 00:41:47.210,1.2176500000000001,1.21753,1.5,1
26.10.2016 00:41:47.262,1.2177200000000001,1.21751,1,1
26.10.2016 00:41:47.319,1.2177200000000001,1.21753,1,1
26.10.2016 00:41:47.677,1.21775,1.2175200000000002,1.5,1
26.10.2016 00:41:48.187,1.21775,1.21751,1.5,1.5
26.10.2016 00:41:49.031,1.21775,1.2175,1.5,1.87
26.10.2016 00:41:49.439,1.21775,1.2175200000000002,1.5,1
26.10.2016 00:41:49.796,1.2177600000000002,1.21754,1.8,1
26.10.2016 00:41:50.153,1.2177600000000002,1.2175600000000002,1.5,1
26.10.2016 00:41:50.307,1.2177600000000002,1.21754,1.8,1
26.10.2016 00:41:50.409,1.2177600000000002,1.2175200000000002,1.5,1
26.10.2016 00:41:50.938,1.21775,1.21751,1.5,1
26.10.2016 00:41:51.295,1.2177600000000002,1.21753,1.5,1
26.10.2016 00:41:51.601,1.2177600000000002,1.2175500000000001,1.87,1
26.10.2016 00:41:52.038,1.21774,1.2175200000000002,1.5,1
26.10.2016 00:41:52.566,1.21774,1.21751,1.5,1.12
26.10.2016 00:41:55.118,1.21774,1.21749,1.5,1
26.10.2016 00:42:02.326,1.21774,1.21749,1.87,1.37
26.10.2016 00:42:03.019,1.21775,1.21748,1.87,1.37
26.10.2016 00:42:03.070,1.21775,1.21748,1.5,1.37
26.10.2016 00:42:03.431,1.21774,1.21746,2.25,1.12
26.10.2016 00:42:04.018,1.21774,1.21748,2.25,1
26.10.2016 00:42:05.475,1.21774,1.21747,1.5,1.12
26.10.2016 00:42:05.782,1.21775,1.2175,1.5,1
26.10.2016 00:42:06.308,1.21775,1.21749,1.5,1.12
26.10.2016 00:42:07.027,1.21775,1.2175,1.5,1
26.10.2016 00:42:07.560,1.21775,1.21749,1.5,1.12
26.10.2016 00:42:08.068,1.21775,1.2175,1.5,1
26.10.2016 00:42:08.839,1.21775,1.21751,1.5,1
26.10.2016 00:42:08.956,1.21775,1.21749,1.5,1.12
26.10.2016 00:42:09.058,1.21775,1.21749,1.5,2.62
26.10.2016 00:42:09.566,1.21775,1.2175,1.5,1.12
26.10.2016 00:42:09.974,1.21774,1.2175200000000002,1.5,1
26.10.2016 00:42:10.128,1.2177600000000002,1.21751,1.5,1
26.10.2016 00:42:10.986,1.21775,1.2175,1.5,1.37
26.10.2016 00:42:11.293,1.21775,1.21749,1.5,1.12
26.10.2016 00:42:11.803,1.21774,1.2175200000000002,1.5,1
26.10.2016 00:42:12.552,1.21775,1.21751,1.5,1.87
26.10.2016 00:42:12.865,1.21774,1.21753,1.5,1
26.10.2016 00:42:13.070,1.21774,1.2175,1.5,1.12
26.10.2016 00:42:13.530,1.2177,1.21747,2.62,3
26.10.2016 00:42:13.786,1.21773,1.21747,1.87,1.5
26.10.2016 00:42:14.222,1.2177600000000002,1.21748,3.37,1
26.10.2016 00:42:14.829,1.21775,1.21747,1.5,1.37
26.10.2016 00:42:16.064,1.21775,1.21746,2.25,1.37
26.10.2016 00:42:16.578,1.21774,1.21747,1.5,2.62
26.10.2016 00:42:17.648,1.21774,1.21747,1.87,4.87
26.10.2016 00:42:19.052,1.21774,1.21747,1.5,2.62
26.10.2016 00:42:20.800,1.21774,1.21747,1.5,3
26.10.2016 00:42:21.329,1.21774,1.21748,1.5,1
26.10.2016 00:42:22.042,1.21774,1.21747,1.5,1.5
26.10.2016 00:42:22.570,1.21774,1.21748,1.5,1
26.10.2016 00:42:23.291,1.21773,1.21747,1.5,3
26.10.2016 00:42:26.323,1.21773,1.21747,1.5,2.62
26.10.2016 00:42:29.602,1.21773,1.21749,1.5,1
26.10.2016 00:42:29.755,1.21775,1.21749,1.87,1
26.10.2016 00:42:30.330,1.21774,1.21748,1.5,1.87
26.10.2016 00:42:30.838,1.21774,1.21748,1.5,1.87
26.10.2016 00:42:31.260,1.21774,1.21747,1.5,2.25
26.10.2016 00:42:32.127,1.21774,1.21747,1.5,3
26.10.2016 00:42:33.337,1.21774,1.2174500000000001,2.25,4.5
26.10.2016 00:42:33.541,1.21774,1.21748,1.5,1.87
26.10.2016 00:42:34.202,1.21774,1.21748,1.5,1.87
26.10.2016 00:42:38.549,1.21774,1.21747,1.87,3.37
26.10.2016 00:42:38.855,1.21774,1.21746,1.5,1.12
26.10.2016 00:42:39.417,1.21774,1.2174500000000001,1.5,1.87
26.10.2016 00:42:40.258,1.21775,1.2174500000000001,2.25,1.12
26.10.2016 00:42:41.273,1.21775,1.21747,2.25,1
26.10.2016 00:42:42.423,1.21774,1.21746,1,1.12
26.10.2016 00:42:43.757,1.21774,1.21746,2.62,2.62
26.10.2016 00:42:44.747,1.21774,1.21746,1.5,2.25
26.10.2016 00:42:50.031,1.21774,1.21744,1,3
26.10.2016 00:42:50.668,1.21774,1.21746,2.25,1.12
26.10.2016 00:42:55.582,1.21774,1.21746,1.87,1.5
26.10.2016 00:42:56.576,1.21774,1.21746,1.87,1.5
26.10.2016 00:42:58.204,1.21775,1.2174500000000001,3,1.5
26.10.2016 00:42:58.510,1.21771,1.21744,1,2.25
26.10.2016 00:42:59.019,1.21773,1.21744,1.37,2.25
26.10.2016 00:42:59.623,1.21773,1.2174500000000001,2.62,2.25
26.10.2016 00:43:00.133,1.21773,1.2174500000000001,1.5,2.25
26.10.2016 00:43:00.906,1.21774,1.2174500000000001,1.87,1
26.10.2016 00:43:01.239,1.21774,1.2174500000000001,1.87,2.25
26.10.2016 00:43:01.753,1.21775,1.21746,2.25,2.62
26.10.2016 00:43:02.262,1.21775,1.21749,1.87,1.12
26.10.2016 00:43:02.790,1.2177600000000002,1.21748,2.62,1.87
26.10.2016 00:43:03.163,1.21775,1.21747,1,1
26.10.2016 00:43:04.169,1.21775,1.21747,2.62,1
26.10.2016 00:43:04.687,1.21774,1.21746,1.5,1.5
26.10.2016 00:43:05.973,1.21774,1.2174500000000001,1.87,1.12
26.10.2016 00:43:06.880,1.21774,1.2174500000000001,3.37,1.87
26.10.2016 00:43:08.811,1.21773,1.21744,1.5,4.5
26.10.2016 00:43:09.319,1.21774,1.21747,1.5,1
26.10.2016 00:43:10.554,1.21775,1.21746,2.62,1
26.10.2016 00:43:10.898,1.21775,1.21746,1.87,3.37
26.10.2016 00:43:11.408,1.21775,1.2174500000000001,1.5,1.37
26.10.2016 00:43:11.911,1.21774,1.2174500000000001,2.62,1.87
26.10.2016 00:43:12.217,1.21774,1.21746,1.5,1.37
26.10.2016 00:43:12.928,1.21774,1.21746,1.5,1
26.10.2016 00:43:13.607,1.21774,1.2174500000000001,2.62,1.12
26.10.2016 00:43:14.121,1.21773,1.21746,1.5,1.5
26.10.2016 00:43:15.306,1.21774,1.21746,1.5,1
26.10.2016 00:43:16.176,1.21774,1.21747,1.5,1
26.10.2016 00:43:17.229,1.21774,1.21746,1.5,1.12
26.10.2016 00:43:17.737,1.21775,1.21747,1.5,1.12
26.10.2016 00:43:17.890,1.2177600000000002,1.2174500000000001,3,1.87
26.10.2016 00:43:18.631,1.21774,1.2174500000000001,1.5,1.12
26.10.2016 00:43:18.733,1.21773,1.2174500000000001,1.87,1
26.10.2016 00:43:18.937,1.21774,1.2174500000000001,2.62,1
26.10.2016 00:43:20.956,1.2177200000000001,1.2174500000000001,1,2.62
26.10.2016 00:43:21.008,1.21774,1.2174500000000001,2.62,1.87
26.10.2016 00:43:21.528,1.21774,1.2174500000000001,2.62,1.87
26.10.2016 00:43:24.019,1.21774,1.2174500000000001,2.25,3.37
26.10.2016 00:43:24.528,1.21773,1.2174500000000001,1.5,1.5
26.10.2016 00:43:25.476,1.21771,1.2174500000000001,1.5,1.5
26.10.2016 00:43:30.540,1.21771,1.2174500000000001,2.62,1.5
26.10.2016 00:43:31.737,1.21773,1.2174500000000001,1.5,3.75
26.10.2016 00:43:31.839,1.21773,1.2174500000000001,2.25,2.25
26.10.2016 00:43:32.349,1.2177200000000001,1.2174500000000001,2.25,1
26.10.2016 00:43:32.925,1.21773,1.2174500000000001,1.87,2.25
26.10.2016 00:43:33.818,1.2177200000000001,1.2174500000000001,1,1.87
26.10.2016 00:43:34.965,1.21771,1.2174500000000001,1,2.25
26.10.2016 00:43:35.475,1.2177200000000001,1.2174500000000001,1.5,2.25
26.10.2016 00:43:36.258,1.2177200000000001,1.21746,1.12,1.87
26.10.2016 00:43:38.066,1.21771,1.21746,1,1.5
26.10.2016 00:43:38.574,1.21771,1.21744,3,2.25
26.10.2016 00:43:39.591,1.21768,1.21744,1.12,1.87
26.10.2016 00:43:40.800,1.2176500000000001,1.21744,1,1.87
26.10.2016 00:43:41.803,1.21768,1.21744,1,1.87
26.10.2016 00:43:43.325,1.21769,1.21744,1,1.87
26.10.2016 00:43:44.608,1.21769,1.21746,2.25,1.5
26.10.2016 00:43:45.173,1.21768,1.2174500000000001,1.5,2.62
26.10.2016 00:43:45.478,1.21771,1.2174500000000001,2.62,1.87
26.10.2016 00:43:45.993,1.21771,1.2174500000000001,2.62,1.87
26.10.2016 00:43:46.521,1.2177,1.2174500000000001,1,1.87
26.10.2016 00:43:47.485,1.2177,1.21746,1.12,1.5
26.10.2016 00:43:48.412,1.21768,1.21746,1,1.5
26.10.2016 00:43:49.037,1.21768,1.21743,1.37,2.25
26.10.2016 00:43:49.601,1.21768,1.21744,1.12,1.87
26.10.2016 00:43:49.906,1.2176600000000002,1.21744,1,1.87
26.10.2016 00:43:50.796,1.2177,1.21744,1.37,1.87
26.10.2016 00:43:52.629,1.21764,1.21744,1,1.87
26.10.2016 00:43:53.296,1.21764,1.21744,1,1.87
26.10.2016 00:43:55.635,1.2176500000000001,1.21744,1.12,2.25
26.10.2016 00:43:57.621,1.2176500000000001,1.21744,1.37,2.25
26.10.2016 00:44:09.379,1.2176500000000001,1.21744,1.12,2.25
26.10.2016 00:44:09.981,1.21764,1.21744,1,2.25
26.10.2016 00:44:10.969,1.2177,1.21744,3.75,2.25
26.10.2016 00:44:11.071,1.2177,1.21744,1.5,2.25
26.10.2016 00:44:11.122,1.21769,1.21746,1.5,1.5
26.10.2016 00:44:11.428,1.2177200000000001,1.21746,3,1.5
26.10.2016 00:44:11.938,1.2177200000000001,1.21744,1,2.62
26.10.2016 00:44:12.567,1.2177200000000001,1.2174500000000001,2.25,1.87
26.10.2016 00:44:12.794,1.2177200000000001,1.2174500000000001,2.62,1.87
26.10.2016 00:44:13.250,1.2177200000000001,1.21744,1.37,1.12
26.10.2016 00:44:14.505,1.2177200000000001,1.21744,1,1
26.10.2016 00:44:15.419,1.2177200000000001,1.21744,1.37,1.12
26.10.2016 00:44:16.508,1.2177,1.21744,1.37,1
26.10.2016 00:44:17.455,1.21768,1.21744,1,1
26.10.2016 00:44:17.963,1.21768,1.21744,1.37,1
26.10.2016 00:44:18.268,1.2176500000000001,1.21744,1,1.5
26.10.2016 00:44:19.190,1.2176500000000001,1.2174500000000001,1,1
26.10.2016 00:44:19.704,1.2176600000000002,1.21744,1.12,3
26.10.2016 00:44:21.342,1.21768,1.2174500000000001,1.37,1
26.10.2016 00:44:21.596,1.21771,1.21744,1.87,1.12
26.10.2016 00:44:21.749,1.21773,1.2174500000000001,1.87,1
26.10.2016 00:44:22.257,1.2177200000000001,1.21744,1.5,1
26.10.2016 00:44:24.377,1.2177,1.21744,1,1
26.10.2016 00:44:24.894,1.2177,1.21744,1.37,1
26.10.2016 00:44:25.525,1.21769,1.21744,1.37,1
26.10.2016 00:44:26.844,1.2177,1.21744,1.12,1
26.10.2016 00:44:27.468,1.21767,1.21744,1,1
26.10.2016 00:44:28.835,1.21767,1.21744,1.37,1
26.10.2016 00:44:31.537,1.21767,1.21744,1.12,1
26.10.2016 00:44:31.690,1.21771,1.21744,4.12,1
26.10.2016 00:44:31.792,1.21771,1.21744,1,1.87
26.10.2016 00:44:32.353,1.21773,1.21744,1.12,1
26.10.2016 00:44:32.914,1.21771,1.21744,1,1
26.10.2016 00:44:34.400,1.21771,1.21744,1.87,1
26.10.2016 00:44:34.923,1.21771,1.21744,1.37,1
26.10.2016 00:44:35.795,1.21771,1.21744,1.12,1.5
26.10.2016 00:44:36.138,1.21771,1.21744,1.37,1
26.10.2016 00:44:36.748,1.21768,1.21744,1,1
26.10.2016 00:44:37.103,1.21768,1.21744,1.37,1.5
26.10.2016 00:44:38.142,1.21767,1.21744,1.12,1
26.10.2016 00:44:38.999,1.2177200000000001,1.21744,1,1
26.10.2016 00:44:39.509,1.21773,1.21744,1,1
26.10.2016 00:44:40.777,1.21771,1.21744,1.87,1
26.10.2016 00:44:41.540,1.21771,1.21744,2.62,1
26.10.2016 00:44:42.531,1.2177,1.21744,1.12,1
26.10.2016 00:44:42.837,1.2177,1.21744,1.37,1
26.10.2016 00:44:43.040,1.2177,1.21744,1.37,1
26.10.2016 00:44:43.723,1.21764,1.21744,1,1
26.10.2016 00:44:43.927,1.2176600000000002,1.21744,4.5,1
26.10.2016 00:44:44.429,1.2176500000000001,1.21741,1.5,3
26.10.2016 00:44:44.480,1.2176500000000001,1.2174,1.5,1.12
26.10.2016 00:44:45.498,1.2176500000000001,1.21741,1.5,1
26.10.2016 00:44:46.455,1.2176600000000002,1.2174,3.37,3
26.10.2016 00:44:46.963,1.2176500000000001,1.2174,1.37,1.12
26.10.2016 00:44:47.014,1.2176500000000001,1.2174200000000002,1.37,1
26.10.2016 00:44:48.027,1.21764,1.2174200000000002,1.37,1
26.10.2016 00:44:48.587,1.21764,1.21741,1.37,1
26.10.2016 00:44:49.523,1.21764,1.21739,1.37,2.62
26.10.2016 00:44:49.831,1.2176200000000001,1.21741,1.37,1
26.10.2016 00:44:50.345,1.2176200000000001,1.2174,1.37,1.12
26.10.2016 00:44:51.057,1.2176200000000001,1.2174,1,1
26.10.2016 00:44:51.369,1.2176200000000001,1.2174,1.37,1.87
26.10.2016 00:44:51.624,1.2176200000000001,1.2174,1.12,1.87
26.10.2016 00:44:53.156,1.2176200000000001,1.21739,1.12,1.87
26.10.2016 00:44:54.265,1.2176200000000001,1.21741,1.12,1
26.10.2016 00:44:54.621,1.21761,1.2174,1.37,1
26.10.2016 00:44:55.130,1.21761,1.21739,1.12,2.25
26.10.2016 00:44:55.670,1.21761,1.21739,1.37,3
26.10.2016 00:44:56.839,1.21764,1.2174500000000001,1,1
26.10.2016 00:44:57.358,1.2176500000000001,1.21746,1.12,1
26.10.2016 00:44:58.132,1.2176500000000001,1.21748,1.12,1
26.10.2016 00:44:58.540,1.21763,1.2174500000000001,1,1
26.10.2016 00:44:58.947,1.2176500000000001,1.21748,1.12,1
26.10.2016 00:44:59.151,1.21767,1.21747,1,1
26.10.2016 00:44:59.253,1.21769,1.21744,1.95,1
26.10.2016 00:44:59.993,1.21769,1.21744,1.95,1.87
26.10.2016 00:45:00.666,1.21769,1.21746,1.9,1.5
26.10.2016 00:45:01.283,1.21767,1.21744,1,1
26.10.2016 00:45:04.076,1.2175600000000002,1.21744,1.5,1
26.10.2016 00:45:04.586,1.2175500000000001,1.21744,1.5,1
26.10.2016 00:45:05.102,1.2175500000000001,1.21743,1.5,1
26.10.2016 00:45:05.567,1.2175500000000001,1.21743,1.5,1.37
26.10.2016 00:45:05.925,1.2175600000000002,1.2174,1,2.62
26.10.2016 00:45:06.027,1.2175799999999999,1.21749,2.62,1
26.10.2016 00:45:06.079,1.21764,1.2175,2.62,1
26.10.2016 00:45:06.182,1.2177200000000001,1.21751,1.87,1.12
26.10.2016 00:45:06.285,1.21774,1.2175200000000002,1.12,1
26.10.2016 00:45:06.911,1.21774,1.2174500000000001,1.12,3
26.10.2016 00:45:07.984,1.21759,1.21746,0.75,1.12
26.10.2016 00:45:08.036,1.21769,1.21746,1,1.12
26.10.2016 00:45:08.400,1.21774,1.21743,1.12,3.37
26.10.2016 00:45:09.164,1.21774,1.21747,1.37,1.37
26.10.2016 00:45:10.342,1.21774,1.21747,1.12,1.37
26.10.2016 00:45:10.488,1.21771,1.21747,1,1.87
26.10.2016 00:45:10.590,1.2177600000000002,1.21747,1.87,1.12
26.10.2016 00:45:10.642,1.21775,1.21747,1,1
26.10.2016 00:45:10.693,1.21775,1.21744,1,2.62
26.10.2016 00:45:11.355,1.21775,1.21747,1,1.37
26.10.2016 00:45:12.463,1.21774,1.21747,1,1.37
26.10.2016 00:45:12.973,1.21774,1.21744,1.12,2.25
26.10.2016 00:45:13.694,1.21774,1.21746,1,1.37
26.10.2016 00:45:14.205,1.21775,1.21746,1.5,1.12
26.10.2016 00:45:15.040,1.21775,1.21746,1.87,1.12
26.10.2016 00:45:15.435,1.21767,1.2174200000000002,4.12,1.87
26.10.2016 00:45:15.719,1.21767,1.2174200000000002,3.75,3.37
26.10.2016 00:45:16.228,1.21767,1.21744,6.37,1.37
26.10.2016 00:45:17.481,1.2176600000000002,1.2174500000000001,3.37,1.12
26.10.2016 00:45:18.014,1.21767,1.2174500000000001,6.37,1.12
26.10.2016 00:45:18.268,1.2176600000000002,1.21748,3.37,1
26.10.2016 00:45:18.636,1.2176600000000002,1.21746,4.12,1
26.10.2016 00:45:19.216,1.2176600000000002,1.21744,1,1.37
26.10.2016 00:45:20.845,1.2176600000000002,1.21743,1.37,1.5
26.10.2016 00:45:20.998,1.2176600000000002,1.21743,1.37,1.12
26.10.2016 00:45:22.294,1.21763,1.21743,1,1
26.10.2016 00:45:24.141,1.21764,1.2174200000000002,1.37,1.12
26.10.2016 00:45:24.666,1.21763,1.2174200000000002,1.37,1.12
26.10.2016 00:45:25.540,1.21763,1.21743,1.37,1
26.10.2016 00:45:26.318,1.21763,1.2174200000000002,1.37,1.12
26.10.2016 00:45:28.050,1.2176600000000002,1.21744,2.62,1
26.10.2016 00:45:28.152,1.2176600000000002,1.21746,1.87,1
26.10.2016 00:45:28.662,1.2176600000000002,1.2174500000000001,1,1
26.10.2016 00:45:29.423,1.21768,1.21747,1.95,1
26.10.2016 00:45:29.965,1.21767,1.21743,1,1.12
26.10.2016 00:45:30.323,1.21768,1.2174200000000002,1.5,1.87
26.10.2016 00:45:30.426,1.21767,1.21743,1.5,1.5
26.10.2016 00:45:30.579,1.21771,1.21744,2.1,1.37
26.10.2016 00:45:30.835,1.2177700000000002,1.21753,1.87,1
26.10.2016 00:45:30.886,1.2177700000000002,1.21751,1.5,1.87
26.10.2016 00:45:31.625,1.2177700000000002,1.2175200000000002,1.4,1
26.10.2016 00:45:31.985,1.21779,1.2175200000000002,1.57,3.45
26.10.2016 00:45:32.292,1.21781,1.21757,1,2.25
26.10.2016 00:45:33.039,1.21781,1.21754,1.5,1.87
26.10.2016 00:45:33.548,1.2178200000000001,1.21754,1.12,3
26.10.2016 00:45:33.905,1.21781,1.2175799999999999,1.12,1
26.10.2016 00:45:34.109,1.21781,1.2175600000000002,1.87,1.5
26.10.2016 00:45:34.160,1.21779,1.21753,1,1.87
26.10.2016 00:45:34.694,1.21775,1.21746,1.69,2.7
