Local time,Ask,Bid,AskVolume,BidVolume
07.11.2016 00:00:00.341,1.1095000000000002,1.1094600000000001,1.5,1
07.11.2016 00:00:00.650,1.10949,1.10943,2.62,4.87
07.11.2016 00:00:00.954,1.10949,1.1094600000000001,1,1
07.11.2016 00:00:01.424,1.10948,1.10944,1,1.12
07.11.2016 00:00:01.970,1.10948,1.10943,1.5,4.87
07.11.2016 00:00:02.274,1.1094700000000002,1.10942,1,3
07.11.2016 00:00:02.694,1.10945,1.10941,1,3
07.11.2016 00:00:03.504,1.1094600000000001,1.10941,1,2.17
07.11.2016 00:00:04.017,1.1094700000000002,1.10941,3.37,2.25
07.11.2016 00:00:04.583,1.10945,1.10941,1,2.25
07.11.2016 00:00:04.685,1.1094700000000002,1.10941,4.12,2.25
07.11.2016 00:00:04.839,1.10945,1.10941,1,2.25
07.11.2016 00:00:04.890,1.10945,1.10941,1,1.5
07.11.2016 00:00:05.734,1.1094700000000002,1.10945,1,4.5
07.11.2016 00:00:05.785,1.10949,1.10945,4.8,3.75
07.11.2016 00:00:06.139,1.10948,1.10943,1.5,1.5
07.11.2016 00:00:06.645,1.10948,1.10942,3.37,2.25
07.11.2016 00:00:07.329,1.1094600000000001,1.10943,1,1.15
07.11.2016 00:00:07.380,1.10948,1.10944,1.87,1.5
07.11.2016 00:00:07.482,1.1095000000000002,1.10944,5.62,2.85
07.11.2016 00:00:07.889,1.10948,1.10944,1,3.9
07.11.2016 00:00:08.393,1.10949,1.10945,1,1.5
07.11.2016 00:00:08.899,1.10949,1.10945,3.37,1.5
07.11.2016 00:00:09.451,1.1095000000000002,1.10945,2.62,1.5
07.11.2016 00:00:10.327,1.10951,1.1094600000000001,1.5,1.5
07.11.2016 00:00:10.631,1.10954,1.1095000000000002,1.5,1.5
07.11.2016 00:00:11.088,1.10954,1.1095000000000002,1.87,1.5
07.11.2016 00:00:11.385,1.10951,1.1094700000000002,1.5,2.62
07.11.2016 00:00:11.497,1.1095000000000002,1.1094700000000002,4.12,1
07.11.2016 00:00:11.599,1.10949,1.10945,1,2.25
07.11.2016 00:00:11.785,1.10945,1.10944,1,3
07.11.2016 00:00:11.937,1.10945,1.1094000000000002,1.75,2.25
07.11.2016 00:00:13.263,1.10945,1.10941,1.75,1
07.11.2016 00:00:14.762,1.10945,1.10942,1.75,2.25
07.11.2016 00:00:14.813,1.1094600000000001,1.10942,1.5,2.25
07.11.2016 00:00:15.362,1.1094600000000001,1.10942,1.12,2.4
07.11.2016 00:00:15.870,1.1094600000000001,1.10944,1.12,1.2
07.11.2016 00:00:16.175,1.10948,1.1094600000000001,2.25,2.25
07.11.2016 00:00:16.276,1.1095000000000002,1.1094600000000001,2.62,2.25
07.11.2016 00:00:16.783,1.10951,1.1094600000000001,1.5,2.25
07.11.2016 00:00:18.166,1.10952,1.1094700000000002,4.12,1
07.11.2016 00:00:18.268,1.10952,1.10949,3.37,1
07.11.2016 00:00:18.471,1.10954,1.10949,5.62,1
07.11.2016 00:00:18.977,1.10954,1.10948,4.12,3.75
07.11.2016 00:00:19.230,1.10955,1.10949,7.12,4.35
07.11.2016 00:00:19.862,1.10954,1.1095000000000002,1.12,1.5
07.11.2016 00:00:20.442,1.10955,1.1095000000000002,5.62,1.87
07.11.2016 00:00:20.897,1.1095000000000002,1.10948,1,1
07.11.2016 00:00:20.948,1.1095000000000002,1.1094600000000001,1,1
07.11.2016 00:00:21.484,1.1095000000000002,1.1094600000000001,2.62,1
07.11.2016 00:00:21.788,1.1095000000000002,1.10949,1,1
07.11.2016 00:00:21.839,1.10951,1.10949,1.87,1
07.11.2016 00:00:22.043,1.10953,1.10948,1.12,2.25
07.11.2016 00:00:22.549,1.10953,1.10948,2.62,3
07.11.2016 00:00:23.095,1.10954,1.10949,4.12,4.65
07.11.2016 00:00:23.602,1.10955,1.10949,7.87,6.6
07.11.2016 00:00:27.951,1.10955,1.10954,4.12,1.5
07.11.2016 00:00:28.054,1.10956,1.10954,1,3
07.11.2016 00:00:28.105,1.10959,1.10956,1.87,1
07.11.2016 00:00:28.156,1.1096000000000001,1.10956,2.62,1
07.11.2016 00:00:29.659,1.10962,1.10956,2.25,2.25
07.11.2016 00:00:30.084,1.10962,1.10958,3,1
07.11.2016 00:00:30.237,1.10963,1.10959,1.12,7.35
07.11.2016 00:00:30.339,1.10966,1.1096000000000001,3,2.25
07.11.2016 00:00:31.176,1.10965,1.10961,1.12,1.5
07.11.2016 00:00:31.982,1.10965,1.10962,1,1.5
07.11.2016 00:00:32.084,1.1096700000000002,1.10963,1,1.15
07.11.2016 00:00:32.286,1.1097000000000001,1.10965,4.87,1
07.11.2016 00:00:35.273,1.1097100000000002,1.10965,1.12,2.62
07.11.2016 00:00:35.821,1.10972,1.10966,6.37,1
07.11.2016 00:00:36.326,1.1097100000000002,1.10965,1.12,1.87
07.11.2016 00:00:36.906,1.1097100000000002,1.10966,1.12,1
07.11.2016 00:00:37.058,1.1097299999999999,1.10968,11.44,3
07.11.2016 00:00:37.261,1.10974,1.10969,1.12,4.87
07.11.2016 00:00:37.767,1.10975,1.1097000000000001,2.25,1
07.11.2016 00:00:38.026,1.1097299999999999,1.10969,1,3
07.11.2016 00:00:38.280,1.1097100000000002,1.10964,6.75,3.56
07.11.2016 00:00:38.786,1.1097000000000001,1.10963,3.75,5.06
07.11.2016 00:00:39.318,1.1097000000000001,1.10964,3,1
07.11.2016 00:00:40.185,1.1097000000000001,1.10963,3.75,3.37
07.11.2016 00:00:40.741,1.10965,1.10963,1,3.37
07.11.2016 00:00:40.892,1.10965,1.10961,2.62,1
07.11.2016 00:00:40.994,1.10965,1.10959,4.12,2.62
07.11.2016 00:00:42.537,1.10965,1.10961,1.12,1
07.11.2016 00:00:42.892,1.10966,1.10963,1.87,1
07.11.2016 00:00:43.632,1.1096700000000002,1.10961,2.25,2.25
07.11.2016 00:00:44.596,1.1096700000000002,1.10962,3.75,1
07.11.2016 00:00:45.000,1.10966,1.1096000000000001,1.87,2.62
07.11.2016 00:00:46.265,1.10965,1.1096000000000001,1,2.62
07.11.2016 00:00:46.925,1.10966,1.1096000000000001,4.87,1.87
07.11.2016 00:00:47.380,1.10964,1.1096000000000001,1.5,1.87
07.11.2016 00:00:48.188,1.10963,1.1096000000000001,1,1.87
07.11.2016 00:00:48.735,1.10964,1.1096000000000001,3,1.5
07.11.2016 00:00:49.244,1.10964,1.10959,3.75,3.75
07.11.2016 00:00:49.749,1.10964,1.10959,4.5,3.19
07.11.2016 00:00:50.294,1.10964,1.1096000000000001,3,1.5
07.11.2016 00:00:50.648,1.10959,1.1095700000000002,1,4.5
07.11.2016 00:00:50.750,1.10958,1.10956,2.25,1.87
07.11.2016 00:00:50.902,1.10959,1.1095700000000002,4.5,1
07.11.2016 00:00:51.458,1.1096000000000001,1.1095700000000002,3.75,1.5
07.11.2016 00:00:52.015,1.1096000000000001,1.10956,3.75,2.25
07.11.2016 00:00:52.639,1.1096000000000001,1.10956,3.37,1.5
07.11.2016 00:00:55.936,1.1096000000000001,1.10959,2.62,5.25
07.11.2016 00:00:56.089,1.10962,1.10959,1.12,6.19
07.11.2016 00:00:56.557,1.1096000000000001,1.10958,3,3.37
07.11.2016 00:00:56.709,1.1095700000000002,1.10955,2.25,1.5
07.11.2016 00:00:56.814,1.1095700000000002,1.10953,3,3
07.11.2016 00:00:57.788,1.10955,1.10953,1.5,1
07.11.2016 00:00:58.458,1.10955,1.10952,2.62,1.5
07.11.2016 00:00:58.963,1.10956,1.10952,3.37,3.75
07.11.2016 00:01:01.985,1.10955,1.10953,1,1.5
07.11.2016 00:01:02.239,1.1095700000000002,1.10954,3.37,5.85
07.11.2016 00:01:02.847,1.1095700000000002,1.10955,2.25,1
07.11.2016 00:01:02.979,1.10955,1.10954,1,1.2
07.11.2016 00:01:03.031,1.10955,1.10953,3,1
07.11.2016 00:01:03.584,1.10954,1.10952,2.25,1
07.11.2016 00:01:04.091,1.10954,1.10952,1.5,1.5
07.11.2016 00:01:04.546,1.10955,1.10954,1,1
07.11.2016 00:01:05.084,1.10954,1.10953,1.5,1
07.11.2016 00:01:07.326,1.10953,1.10952,1,1
07.11.2016 00:01:07.629,1.10951,1.1095000000000002,1.5,1.87
07.11.2016 00:01:08.536,1.10952,1.10951,1.5,4.5
07.11.2016 00:01:09.046,1.10955,1.10954,1,3.07
07.11.2016 00:01:09.275,1.1095700000000002,1.10955,1.5,1
07.11.2016 00:01:09.530,1.10963,1.10962,1,1
07.11.2016 00:01:09.682,1.10962,1.1096000000000001,1.5,3.37
07.11.2016 00:01:09.783,1.1096000000000001,1.10958,1,1.5
07.11.2016 00:01:09.936,1.1095700000000002,1.10956,1,1.5
07.11.2016 00:01:10.088,1.1095700000000002,1.10954,2.25,1
07.11.2016 00:01:10.595,1.1095700000000002,1.10955,2.25,1
07.11.2016 00:01:10.922,1.1095700000000002,1.10953,2.25,5.06
07.11.2016 00:01:11.024,1.10955,1.10953,1,1.12
07.11.2016 00:01:11.531,1.10954,1.10952,1.5,1
07.11.2016 00:01:11.999,1.10958,1.1095700000000002,1.12,1.25
07.11.2016 00:01:12.153,1.10961,1.1096000000000001,2.25,1.12
07.11.2016 00:01:12.255,1.1096000000000001,1.10958,2.5,2.62
07.11.2016 00:01:12.456,1.1096000000000001,1.10956,3,1.5
07.11.2016 00:01:12.965,1.10959,1.10956,1.5,1.5
07.11.2016 00:01:13.370,1.10959,1.1095700000000002,1.5,1
07.11.2016 00:01:13.673,1.10959,1.10956,1,1
07.11.2016 00:01:13.775,1.1095700000000002,1.10956,1.5,1.5
07.11.2016 00:01:14.090,1.10956,1.10954,2.25,1.69
07.11.2016 00:01:14.445,1.10958,1.10955,1,1
07.11.2016 00:01:14.965,1.10959,1.10956,3,1
07.11.2016 00:01:15.634,1.10959,1.10955,3,1.5
07.11.2016 00:01:15.735,1.10956,1.10955,1.5,1
07.11.2016 00:01:16.041,1.10951,1.10949,1,1.12
07.11.2016 00:01:16.548,1.10952,1.1095000000000002,3,1
07.11.2016 00:01:17.439,1.10949,1.10948,1.5,1.5
07.11.2016 00:01:18.100,1.10948,1.1094700000000002,1,1
07.11.2016 00:01:18.671,1.10948,1.1094700000000002,1,1
07.11.2016 00:01:19.075,1.10945,1.10942,1.5,2.25
07.11.2016 00:01:19.177,1.10944,1.10941,2.25,1.5
07.11.2016 00:01:19.975,1.10944,1.10942,3,1
07.11.2016 00:01:20.482,1.10944,1.10941,3,1
07.11.2016 00:01:21.452,1.10944,1.1094000000000002,3,1.5
07.11.2016 00:01:21.986,1.10943,1.10941,2.25,1
07.11.2016 00:01:22.508,1.10942,1.10941,1,1
07.11.2016 00:01:23.035,1.10943,1.10941,2.25,1
07.11.2016 00:01:23.550,1.10942,1.1094000000000002,1,1
07.11.2016 00:01:24.072,1.10943,1.1094000000000002,3,1
07.11.2016 00:01:24.441,1.10943,1.10941,3,1
07.11.2016 00:01:25.530,1.10944,1.10941,3.37,1
07.11.2016 00:01:26.932,1.10943,1.10941,1.5,1
07.11.2016 00:01:30.476,1.10944,1.10941,2.25,1.12
07.11.2016 00:01:31.070,1.10944,1.1094000000000002,1.5,1.12
07.11.2016 00:01:34.315,1.10944,1.10939,1,3.94
07.11.2016 00:01:34.478,1.10944,1.10942,1.5,1
07.11.2016 00:01:34.681,1.1094600000000001,1.10944,1.5,1
07.11.2016 00:01:35.186,1.1094700000000002,1.10944,1,1.12
07.11.2016 00:01:35.962,1.10949,1.1094700000000002,2.25,1
07.11.2016 00:01:36.985,1.1094600000000001,1.10945,1,1
07.11.2016 00:01:37.087,1.1094700000000002,1.1094600000000001,1.5,1
07.11.2016 00:01:37.188,1.10949,1.10944,5.44,1.87
07.11.2016 00:01:37.714,1.10949,1.10944,4.5,2.25
07.11.2016 00:01:40.359,1.1094600000000001,1.10944,1,3
07.11.2016 00:01:40.410,1.1094700000000002,1.10944,1.5,3
07.11.2016 00:01:40.916,1.10948,1.10945,1.5,1
07.11.2016 00:01:41.433,1.10949,1.10945,6,1
07.11.2016 00:01:41.939,1.10949,1.10944,6,1.87
07.11.2016 00:01:43.732,1.10948,1.10944,1.5,1.87
07.11.2016 00:01:45.109,1.1095000000000002,1.10948,6.37,1.5
07.11.2016 00:01:45.261,1.10953,1.10951,3,2.25
07.11.2016 00:01:46.477,1.10955,1.10952,3,1
07.11.2016 00:01:51.078,1.10955,1.10953,3,1
07.11.2016 00:01:55.724,1.10955,1.10953,3,1.15
07.11.2016 00:01:55.826,1.10958,1.10955,2.62,1
07.11.2016 00:01:55.878,1.10958,1.10956,1,1
07.11.2016 00:01:55.929,1.10959,1.1095700000000002,2.25,1
07.11.2016 00:01:59.217,1.10959,1.1095700000000002,1,1
07.11.2016 00:02:00.888,1.10959,1.10958,1.5,2.25
07.11.2016 00:02:01.040,1.10961,1.10958,3,1.5
07.11.2016 00:02:01.091,1.10961,1.10959,3,1
07.11.2016 00:02:01.294,1.1096700000000002,1.10964,1.25,8.25
07.11.2016 00:02:01.345,1.1096700000000002,1.10966,1,1
07.11.2016 00:02:01.548,1.10965,1.10963,3.75,1
07.11.2016 00:02:01.645,1.10963,1.10962,1,1.5
07.11.2016 00:02:01.739,1.10963,1.1096000000000001,4.5,1
07.11.2016 00:02:02.245,1.10965,1.1096000000000001,3.37,2.25
07.11.2016 00:02:02.296,1.10965,1.10962,3.37,1
07.11.2016 00:02:02.835,1.10965,1.10961,3,1
07.11.2016 00:02:03.627,1.10965,1.1096000000000001,3.75,2.62
07.11.2016 00:02:04.134,1.10965,1.1096000000000001,3.75,3
07.11.2016 00:02:04.642,1.10964,1.10961,1.5,1.12
07.11.2016 00:02:04.997,1.10964,1.10963,1.5,1
07.11.2016 00:02:05.190,1.10964,1.10962,1.5,1
07.11.2016 00:02:05.401,1.10966,1.10962,1,2.25
07.11.2016 00:02:05.452,1.1096700000000002,1.10964,2.25,1
07.11.2016 00:02:05.870,1.10969,1.10965,2.25,1
07.11.2016 00:02:07.751,1.1097000000000001,1.10965,3,1.5
07.11.2016 00:02:08.394,1.10969,1.10965,1.5,1.5
07.11.2016 00:02:08.929,1.1097100000000002,1.10965,6.37,1.5
07.11.2016 00:02:11.773,1.10969,1.10965,1,1
07.11.2016 00:02:12.506,1.10968,1.10964,1.5,1.88
07.11.2016 00:02:14.088,1.10968,1.10964,2.25,1.12
07.11.2016 00:02:15.306,1.10966,1.10963,2.25,1.5
07.11.2016 00:02:15.411,1.10966,1.10961,4.12,3.75
07.11.2016 00:02:15.917,1.10966,1.10961,4.87,1.12
07.11.2016 00:02:16.534,1.10965,1.10961,1,1.12
07.11.2016 00:02:18.184,1.10966,1.10964,2.62,3.9
07.11.2016 00:02:18.387,1.10969,1.10966,2.62,1
07.11.2016 00:02:18.690,1.1097000000000001,1.10966,2.25,1.31
07.11.2016 00:02:18.741,1.1097000000000001,1.10966,2.25,1.12
07.11.2016 00:02:23.200,1.1098000000000001,1.10979,20.25,1
07.11.2016 00:02:23.252,1.10978,1.10976,6,1.5
07.11.2016 00:02:23.354,1.10982,1.1097700000000001,2.62,6.56
07.11.2016 00:02:23.405,1.10982,1.10978,1,1
07.11.2016 00:02:23.619,1.1098000000000001,1.10978,2.25,1.5
07.11.2016 00:02:23.772,1.10979,1.10976,2.25,1.12
07.11.2016 00:02:24.740,1.10979,1.10975,3,1.5
07.11.2016 00:02:25.242,1.10979,1.10976,1,1
07.11.2016 00:02:25.395,1.1098000000000001,1.10978,2.25,1.12
07.11.2016 00:02:25.547,1.10985,1.1098100000000002,1.12,3
07.11.2016 00:02:25.802,1.1098700000000001,1.10982,3.56,1.12
07.11.2016 00:02:26.209,1.1098700000000001,1.1098299999999999,2.25,1.69
07.11.2016 00:02:26.714,1.1098700000000001,1.1098100000000002,3.75,3
07.11.2016 00:02:28.470,1.1098700000000001,1.10984,2.25,2.77
07.11.2016 00:02:28.572,1.10989,1.10984,1.5,5.32
07.11.2016 00:02:28.724,1.1099,1.10985,2.1,2.25
07.11.2016 00:02:29.272,1.1099100000000002,1.10985,3.05,3.37
07.11.2016 00:02:29.779,1.1099100000000002,1.10985,3.05,3
07.11.2016 00:02:31.549,1.10988,1.10985,1,2.25
07.11.2016 00:02:31.853,1.1098000000000001,1.10978,1,1
07.11.2016 00:02:31.903,1.1098000000000001,1.10976,2.25,2.62
07.11.2016 00:02:32.056,1.10979,1.1097299999999999,1.5,6.94
07.11.2016 00:02:32.833,1.10978,1.10972,1.5,6.94
07.11.2016 00:02:33.389,1.10978,1.10974,1.5,2.02
07.11.2016 00:02:33.440,1.1098100000000002,1.10975,2.62,2.25
07.11.2016 00:02:33.592,1.1098100000000002,1.10978,1.87,2.25
07.11.2016 00:02:33.643,1.1098299999999999,1.10979,1.87,1.65
07.11.2016 00:02:33.847,1.10986,1.1098100000000002,1.87,1
07.11.2016 00:02:34.348,1.10986,1.1098100000000002,1.5,3.37
07.11.2016 00:02:34.551,1.10989,1.10984,1.5,2.1
07.11.2016 00:02:35.057,1.10989,1.1098299999999999,2.25,4.87
07.11.2016 00:02:35.563,1.10989,1.10984,3,3.22
07.11.2016 00:02:36.444,1.10988,1.1098299999999999,1.5,1.5
07.11.2016 00:02:40.268,1.10988,1.1098299999999999,4.87,1.5
07.11.2016 00:02:40.899,1.10988,1.1098299999999999,4.5,1.5
07.11.2016 00:02:41.362,1.10986,1.1098299999999999,2.25,1.5
07.11.2016 00:02:41.868,1.10986,1.1098299999999999,2.25,1.12
07.11.2016 00:02:42.465,1.1098700000000001,1.1098299999999999,2.25,1.12
07.11.2016 00:02:45.690,1.1098700000000001,1.10984,2.25,4.5
07.11.2016 00:02:46.236,1.10988,1.10984,1,7.87
07.11.2016 00:02:46.845,1.10988,1.10984,1,9.75
07.11.2016 00:02:47.783,1.10989,1.10984,3.75,9.75
07.11.2016 00:02:50.088,1.10988,1.10984,1,10.5
07.11.2016 00:02:50.986,1.10989,1.10985,3.75,1.12
07.11.2016 00:02:51.495,1.10988,1.10984,3,13.12
07.11.2016 00:02:52.438,1.10989,1.1098700000000001,3.75,2.25
07.11.2016 00:02:52.590,1.10992,1.10989,1,11.25
07.11.2016 00:02:52.641,1.10992,1.10989,2.62,10.12
07.11.2016 00:02:52.794,1.10989,1.10985,2.25,2.55
07.11.2016 00:02:53.861,1.10989,1.1098700000000001,5.25,1.5
07.11.2016 00:02:54.064,1.1099,1.10986,1.2,1.37
07.11.2016 00:02:54.587,1.1099100000000002,1.10986,4.95,1.12
07.11.2016 00:02:54.841,1.1098700000000001,1.10985,1,2.25
07.11.2016 00:02:55.146,1.10982,1.1097700000000001,1.5,4.69
07.11.2016 00:02:55.683,1.10984,1.10979,3,3.22
07.11.2016 00:02:55.886,1.10985,1.1098100000000002,1.12,1.5
07.11.2016 00:02:56.190,1.1098700000000001,1.1098299999999999,1.12,1.5
07.11.2016 00:02:56.493,1.10989,1.1098700000000001,1.87,1
07.11.2016 00:02:56.646,1.1099100000000002,1.10988,4.5,1
07.11.2016 00:02:56.903,1.10992,1.1099,2.62,1
07.11.2016 00:02:57.207,1.10992,1.1099100000000002,1,1
07.11.2016 00:02:57.460,1.10989,1.10988,1.5,3
07.11.2016 00:02:57.511,1.10989,1.10988,1.5,1.12
07.11.2016 00:02:57.613,1.10988,1.10986,1,3.75
07.11.2016 00:02:57.765,1.10986,1.10984,1.87,1
07.11.2016 00:02:57.867,1.10984,1.10982,1.69,1.12
07.11.2016 00:02:57.969,1.10984,1.10979,6.75,1.5
07.11.2016 00:02:58.475,1.10984,1.10978,4.31,1.87
07.11.2016 00:02:58.926,1.10984,1.10982,1.12,1
07.11.2016 00:02:58.976,1.10985,1.1098000000000001,1.87,1.87
07.11.2016 00:02:59.129,1.10985,1.10984,1,2.25
07.11.2016 00:02:59.434,1.1099,1.10989,1,2.62
07.11.2016 00:02:59.839,1.10989,1.1098700000000001,1,1.5
07.11.2016 00:03:00.348,1.10988,1.10985,1.25,2.25
07.11.2016 00:03:00.856,1.1098700000000001,1.1098299999999999,2.25,3.75
07.11.2016 00:03:01.109,1.1099,1.10988,6.79,1
07.11.2016 00:03:01.312,1.10992,1.1099100000000002,1.25,1
07.11.2016 00:03:01.363,1.10993,1.10992,1,3.19
07.11.2016 00:03:01.517,1.10993,1.10992,1.25,1
07.11.2016 00:03:01.669,1.1099,1.10988,1.69,4
07.11.2016 00:03:01.720,1.1099,1.10988,3.19,1
07.11.2016 00:03:01.822,1.1099,1.10984,3.94,3
07.11.2016 00:03:01.992,1.1098700000000001,1.10984,1.19,2.25
07.11.2016 00:03:05.837,1.1099,1.10989,3.45,1
07.11.2016 00:03:05.939,1.1099,1.10989,1.5,3
07.11.2016 00:03:06.295,1.10994,1.10989,6.19,8.32
07.11.2016 00:03:06.837,1.10994,1.10989,3.94,9.07
07.11.2016 00:03:06.939,1.10992,1.10989,1.69,7.57
07.11.2016 00:03:07.243,1.1099,1.10985,2.81,1.75
07.11.2016 00:03:07.597,1.1099,1.1098700000000001,2.44,1.5
07.11.2016 00:03:07.699,1.10992,1.1099,2.06,1.2
07.11.2016 00:03:08.308,1.10993,1.1099,1.69,2.71
07.11.2016 00:03:09.494,1.10994,1.1099100000000002,3.19,1.12
07.11.2016 00:03:10.035,1.10994,1.1099100000000002,3.94,1.5
07.11.2016 00:03:10.543,1.10994,1.1099,3.94,4.96
07.11.2016 00:03:11.054,1.10994,1.10992,1.5,1
07.11.2016 00:03:11.559,1.10996,1.1099100000000002,2.44,15.37
07.11.2016 00:03:12.108,1.10996,1.10992,2.44,1.5
07.11.2016 00:03:13.437,1.10994,1.10992,1.69,1
07.11.2016 00:03:13.699,1.10996,1.1099100000000002,1.69,3
07.11.2016 00:03:14.213,1.10996,1.10993,1.25,1
07.11.2016 00:03:15.046,1.10996,1.10992,1.25,2.62
07.11.2016 00:03:15.248,1.10994,1.10992,1.69,1.12
07.11.2016 00:03:15.906,1.10994,1.1099100000000002,3.94,1.12
07.11.2016 00:03:16.494,1.10994,1.1099,3.34,4.27
07.11.2016 00:03:16.595,1.10994,1.1099,3.19,2.77
07.11.2016 00:03:17.220,1.10994,1.1099,1.5,3.9
07.11.2016 00:03:17.322,1.10992,1.1099,1,2.02
07.11.2016 00:03:17.646,1.1099,1.10989,1,1
07.11.2016 00:03:17.952,1.10988,1.1098700000000001,3,3.75
07.11.2016 00:03:18.105,1.10986,1.10985,1,1
07.11.2016 00:03:18.206,1.10986,1.10982,1,1.87
07.11.2016 00:03:18.611,1.10988,1.10982,4.69,3.37
07.11.2016 00:03:19.471,1.10988,1.1098299999999999,3.56,1
07.11.2016 00:03:19.978,1.10988,1.1098299999999999,1,4.69
07.11.2016 00:03:21.795,1.10986,1.10982,1,4.87
07.11.2016 00:03:22.100,1.1099100000000002,1.10989,2.62,3.37
07.11.2016 00:03:22.605,1.1099,1.10986,1,1.75
07.11.2016 00:03:23.467,1.10988,1.1098700000000001,1,1
07.11.2016 00:03:23.619,1.10988,1.10985,1,2.06
07.11.2016 00:03:24.355,1.1099100000000002,1.10989,4.12,4.15
07.11.2016 00:03:24.457,1.1099100000000002,1.1099,1,1
07.11.2016 00:03:24.508,1.10992,1.1099,1.5,1
07.11.2016 00:03:24.609,1.10994,1.1099,3.37,1
07.11.2016 00:03:25.174,1.10994,1.10989,4.5,1.5
07.11.2016 00:03:25.723,1.10994,1.10988,5.25,1.12
07.11.2016 00:03:26.365,1.10993,1.10988,1.5,1.12
07.11.2016 00:03:27.135,1.10992,1.10988,1.5,1.87
07.11.2016 00:03:28.189,1.10992,1.10989,1.5,2.25
07.11.2016 00:03:28.240,1.10995,1.10989,5.25,6
07.11.2016 00:03:28.746,1.10995,1.10989,3.75,4.87
07.11.2016 00:03:29.237,1.10996,1.10994,2.62,1
07.11.2016 00:03:29.339,1.1099700000000001,1.10994,1.12,1.5
07.11.2016 00:03:29.885,1.10998,1.10992,2.68,6.19
07.11.2016 00:03:31.648,1.1099700000000001,1.10993,1.5,1.12
07.11.2016 00:03:32.158,1.1099700000000001,1.10992,2.62,1.87
07.11.2016 00:03:34.379,1.1099700000000001,1.10994,2.62,1
07.11.2016 00:03:34.884,1.10998,1.10994,1.02,1
07.11.2016 00:03:35.390,1.10998,1.10993,1.02,1.87
07.11.2016 00:03:35.744,1.10996,1.10992,1.12,3.94
07.11.2016 00:03:36.290,1.10996,1.10992,1.12,2.62
07.11.2016 00:03:41.286,1.10996,1.10993,1.12,1
07.11.2016 00:03:41.835,1.10996,1.10992,1.12,1.87
07.11.2016 00:03:44.445,1.10995,1.10992,1.12,1
07.11.2016 00:03:45.411,1.10995,1.10993,1.12,1.69
07.11.2016 00:03:45.918,1.10996,1.1099,4.12,5.77
07.11.2016 00:03:47.065,1.10996,1.10993,2.62,1
07.11.2016 00:03:47.269,1.10998,1.10993,4.14,1.87
07.11.2016 00:03:47.774,1.10998,1.10994,3.37,1.12
07.11.2016 00:03:48.679,1.10996,1.10993,1.12,1.12
07.11.2016 00:03:49.242,1.10996,1.10993,1.37,1
07.11.2016 00:03:49.747,1.10996,1.1099,1.37,5.59
07.11.2016 00:03:49.921,1.10998,1.10992,5.26,1.12
07.11.2016 00:03:50.485,1.10998,1.10992,5.64,1.87
07.11.2016 00:03:56.487,1.10999,1.1099700000000001,2.64,1
07.11.2016 00:03:56.640,1.11,1.10999,1,1.5
07.11.2016 00:03:56.808,1.11003,1.1100100000000002,11.63,1
07.11.2016 00:03:57.345,1.11006,1.1100200000000002,2.07,3
07.11.2016 00:03:57.887,1.11006,1.1100200000000002,2.07,2.25
07.11.2016 00:03:58.401,1.11006,1.1100200000000002,2.06,2.25
07.11.2016 00:03:59.831,1.11006,1.1100200000000002,2.06,3
07.11.2016 00:04:01.095,1.11006,1.11003,2.06,1.5
07.11.2016 00:04:01.631,1.11006,1.1100200000000002,2.06,3
07.11.2016 00:04:02.001,1.1100700000000001,1.11005,7.31,3.25
07.11.2016 00:04:02.103,1.11009,1.11008,1.26,1
07.11.2016 00:04:02.204,1.1101100000000002,1.11009,2.25,3
07.11.2016 00:04:02.256,1.11013,1.1101,9,2.25
07.11.2016 00:04:02.357,1.1101400000000001,1.11013,2.25,1
07.11.2016 00:04:02.509,1.11013,1.1101100000000002,2.25,3.75
07.11.2016 00:04:03.050,1.11013,1.1101,2.62,3.75
07.11.2016 00:04:03.305,1.11017,1.11016,7.87,1
07.11.2016 00:04:03.458,1.11019,1.1101400000000001,1.87,3.19
07.11.2016 00:04:03.509,1.11019,1.11017,1.5,1.5
07.11.2016 00:04:03.561,1.1102100000000001,1.11017,4.12,1
07.11.2016 00:04:04.068,1.1102,1.11016,1,2.25
07.11.2016 00:04:04.727,1.11019,1.11016,1,1.5
07.11.2016 00:04:05.233,1.11019,1.11015,2.25,3
07.11.2016 00:04:05.740,1.1102,1.11016,2.25,2.25
07.11.2016 00:04:06.260,1.11019,1.11016,1,2.25
07.11.2016 00:04:07.255,1.11019,1.1101400000000001,1,3
07.11.2016 00:04:07.407,1.11017,1.1101400000000001,1,1
07.11.2016 00:04:07.610,1.11017,1.1101200000000002,4.5,1.5
07.11.2016 00:04:07.913,1.1102,1.11015,13.12,1
07.11.2016 00:04:08.015,1.1102100000000001,1.1102,1.12,1
07.11.2016 00:04:08.140,1.11023,1.1102200000000002,1.12,1
07.11.2016 00:04:08.191,1.11026,1.11025,3.75,3
07.11.2016 00:04:08.344,1.11028,1.11026,2.25,3
07.11.2016 00:04:08.446,1.1103100000000001,1.11026,1.37,1.5
07.11.2016 00:04:08.649,1.1103200000000002,1.11026,5.25,1.12
07.11.2016 00:04:09.155,1.1103200000000002,1.11026,6.75,1.12
07.11.2016 00:04:09.256,1.1103200000000002,1.11029,4.5,1
07.11.2016 00:04:09.409,1.11033,1.11029,2.62,2.25
07.11.2016 00:04:09.751,1.11036,1.1103,1.87,1.12
07.11.2016 00:04:09.954,1.11036,1.11033,1.87,1
07.11.2016 00:04:10.259,1.11038,1.11033,5.25,1.37
07.11.2016 00:04:10.310,1.11034,1.11033,4.5,1
07.11.2016 00:04:10.361,1.11033,1.1103,1,1.38
07.11.2016 00:04:10.463,1.11033,1.11029,1.25,1
07.11.2016 00:04:10.564,1.11034,1.1103100000000001,1.69,1
07.11.2016 00:04:10.666,1.11037,1.1103100000000001,2.62,1.87
07.11.2016 00:04:10.717,1.11038,1.1103100000000001,1.5,1.87
07.11.2016 00:04:10.972,1.11033,1.1103100000000001,1,1
07.11.2016 00:04:11.124,1.11036,1.1103100000000001,3.75,1
07.11.2016 00:04:11.227,1.11034,1.11029,1,5.7
07.11.2016 00:04:11.278,1.11036,1.1103,1.5,1.12
07.11.2016 00:04:12.751,1.11037,1.1103200000000002,1.87,1
07.11.2016 00:04:13.196,1.1104,1.11034,2.25,1.5
07.11.2016 00:04:13.552,1.1104100000000001,1.11036,2.06,1
07.11.2016 00:04:14.075,1.1104100000000001,1.11035,2.81,1
07.11.2016 00:04:14.785,1.1104100000000001,1.11034,1.69,2.25
07.11.2016 00:04:15.346,1.1104100000000001,1.11035,2.44,1
07.11.2016 00:04:16.745,1.1104100000000001,1.11036,1.69,1
07.11.2016 00:04:17.251,1.1104100000000001,1.11035,2.44,3
07.11.2016 00:04:18.236,1.1104100000000001,1.11035,1.69,4.5
07.11.2016 00:04:18.553,1.11038,1.11035,5.1,1
07.11.2016 00:04:18.654,1.11038,1.1103100000000001,6.6,3
07.11.2016 00:04:18.806,1.11037,1.11034,1.5,1
07.11.2016 00:04:18.907,1.11039,1.11034,1,1
07.11.2016 00:04:19.110,1.11038,1.1103200000000002,2.62,6.6
07.11.2016 00:04:19.653,1.11037,1.1103200000000002,1,1.87
07.11.2016 00:04:20.181,1.11038,1.1103200000000002,1.87,4.87
07.11.2016 00:04:20.686,1.11038,1.1103200000000002,3.37,7.12
07.11.2016 00:04:21.192,1.11039,1.11034,3.75,1
07.11.2016 00:04:21.706,1.11038,1.1103200000000002,2.25,1.87
07.11.2016 00:04:21.808,1.11035,1.1103100000000001,1,6
07.11.2016 00:04:22.112,1.11033,1.11027,1.5,2.62
07.11.2016 00:04:22.335,1.11033,1.11027,3,1.12
07.11.2016 00:04:22.841,1.11033,1.11027,2.25,1
07.11.2016 00:04:23.859,1.11033,1.11027,3,1.37
07.11.2016 00:04:24.263,1.11035,1.1103,2.25,1
07.11.2016 00:04:24.466,1.11036,1.1103100000000001,3.75,1
07.11.2016 00:04:25.066,1.11036,1.1103100000000001,1,8.25
07.11.2016 00:04:25.420,1.11039,1.11033,3,1.37
07.11.2016 00:04:27.180,1.11036,1.11034,1,1
07.11.2016 00:04:28.513,1.11036,1.11033,1,1.12
07.11.2016 00:04:28.816,1.11036,1.1103200000000002,1,4.35
07.11.2016 00:04:28.876,1.11035,1.1103200000000002,1,4.35
07.11.2016 00:04:29.538,1.11035,1.1103200000000002,1,7.35
07.11.2016 00:04:30.056,1.11036,1.11034,1,1
07.11.2016 00:04:30.593,1.11037,1.11034,1,2.25
07.11.2016 00:04:31.004,1.11038,1.11036,1,2.25
07.11.2016 00:04:31.513,1.11039,1.11037,1,2.62
07.11.2016 00:04:32.025,1.11039,1.11037,1,2.25
07.11.2016 00:04:32.816,1.11039,1.11037,1,2.25
07.11.2016 00:04:33.524,1.11039,1.11037,1,1.5
07.11.2016 00:04:34.979,1.11039,1.11037,1,1.5
07.11.2016 00:04:35.283,1.11038,1.11035,1,4.87
07.11.2016 00:04:35.788,1.11037,1.11035,1,2.62
07.11.2016 00:04:38.537,1.11038,1.11036,1,1
07.11.2016 00:04:39.060,1.11038,1.11036,1,2.25
07.11.2016 00:04:42.788,1.11038,1.11036,1,1
07.11.2016 00:04:46.452,1.11038,1.11035,1,4.5
07.11.2016 00:04:46.958,1.11038,1.11036,1,1
07.11.2016 00:04:48.536,1.11037,1.11035,1.5,6.37
07.11.2016 00:04:48.789,1.11036,1.1103200000000002,1,1.87
07.11.2016 00:04:48.876,1.11034,1.1103200000000002,1,1.12
07.11.2016 00:04:48.979,1.11034,1.1103,1,1.5
07.11.2016 00:04:49.132,1.1103200000000002,1.11028,1,1.87
07.11.2016 00:04:49.662,1.11033,1.11028,1,1.5
07.11.2016 00:04:50.168,1.11034,1.11028,1.12,2.62
07.11.2016 00:04:50.623,1.1103200000000002,1.11028,1,1.5
07.11.2016 00:04:50.927,1.11026,1.1102100000000001,1,3
07.11.2016 00:04:51.447,1.11027,1.1102100000000001,1.87,3
07.11.2016 00:04:52.032,1.11028,1.1102200000000002,3.75,1.5
07.11.2016 00:04:52.741,1.11026,1.1102200000000002,1,1.87
07.11.2016 00:04:53.243,1.11026,1.1102100000000001,1,4.5
07.11.2016 00:04:57.734,1.11027,1.1102100000000001,1.12,9
07.11.2016 00:04:59.639,1.11026,1.1102200000000002,1.5,1.12
07.11.2016 00:05:00.145,1.11026,1.1102,3,1.5
07.11.2016 00:05:00.702,1.11025,1.1102,1.5,1.5
07.11.2016 00:05:01.246,1.11026,1.1102,2.25,1.5
07.11.2016 00:05:02.642,1.11026,1.1102100000000001,3,1
07.11.2016 00:05:03.238,1.11026,1.1102100000000001,3,1.37
07.11.2016 00:05:03.392,1.11029,1.1102400000000001,1.87,3.75
07.11.2016 00:05:03.900,1.1103100000000001,1.11026,2.25,1
07.11.2016 00:05:04.203,1.1103200000000002,1.11027,1.12,1
07.11.2016 00:05:05.088,1.1103100000000001,1.11027,2.25,1.5
07.11.2016 00:05:05.241,1.1103,1.11025,1.87,1
07.11.2016 00:05:05.761,1.1103100000000001,1.11026,1.5,3
07.11.2016 00:05:06.266,1.11033,1.11026,3.75,4.87
07.11.2016 00:05:06.367,1.11033,1.1103,3,1
07.11.2016 00:05:06.822,1.11035,1.1103100000000001,1.12,3
07.11.2016 00:05:08.782,1.11035,1.11033,1.12,1
07.11.2016 00:05:09.238,1.11038,1.11034,3,1.5
07.11.2016 00:05:09.743,1.11039,1.11034,1.5,3
07.11.2016 00:05:10.249,1.11037,1.11034,3.75,1
07.11.2016 00:05:10.350,1.11037,1.1103100000000001,3.75,4.12
07.11.2016 00:05:10.878,1.11037,1.1103100000000001,1.5,3.37
07.11.2016 00:05:16.234,1.11035,1.1103,1,7.12
07.11.2016 00:05:16.393,1.11034,1.11029,1.5,2.25
07.11.2016 00:05:17.154,1.11035,1.11029,2.62,2.25
07.11.2016 00:05:17.558,1.1103200000000002,1.11029,1,1
07.11.2016 00:05:17.862,1.1103100000000001,1.11025,3.37,9.75
07.11.2016 00:05:18.013,1.1103100000000001,1.11025,2.62,9.37
07.11.2016 00:05:18.515,1.1103100000000001,1.11026,3.37,1
07.11.2016 00:05:19.031,1.1103100000000001,1.11026,4.12,1
07.11.2016 00:05:19.632,1.1103100000000001,1.11026,3,1
07.11.2016 00:05:20.137,1.1103100000000001,1.11025,3,7.5
07.11.2016 00:05:21.202,1.1103100000000001,1.11025,2.62,11.25
07.11.2016 00:05:21.710,1.1103100000000001,1.11026,2.81,1.87
07.11.2016 00:05:27.603,1.1103100000000001,1.11027,5.06,1
07.11.2016 00:05:28.132,1.1103100000000001,1.11028,2.81,1
07.11.2016 00:05:30.432,1.1103100000000001,1.11028,4.31,1
07.11.2016 00:05:30.584,1.1103,1.11025,1.12,4.5
07.11.2016 00:05:30.635,1.1103,1.11025,2.62,4.5
07.11.2016 00:05:31.784,1.1103,1.11025,1.12,5.25
07.11.2016 00:05:33.583,1.1103100000000001,1.11027,3.37,1
07.11.2016 00:05:34.144,1.1103100000000001,1.11027,4.12,1
07.11.2016 00:05:34.649,1.1103100000000001,1.11027,3.37,1.12
07.11.2016 00:05:37.786,1.1103100000000001,1.11027,4.12,1.12
07.11.2016 00:05:38.300,1.1103100000000001,1.11026,4.87,1.12
07.11.2016 00:05:41.885,1.1103100000000001,1.11026,6.37,1.12
07.11.2016 00:05:42.382,1.1103100000000001,1.11026,4.12,1.12
07.11.2016 00:05:44.903,1.1103100000000001,1.11026,4.5,1.5
07.11.2016 00:05:45.413,1.1103100000000001,1.11026,4.5,1
07.11.2016 00:05:45.716,1.1103100000000001,1.11029,1,1.5
07.11.2016 00:05:46.021,1.1103100000000001,1.11026,2.62,1.87
07.11.2016 00:05:46.536,1.1103100000000001,1.11026,2.25,2.62
07.11.2016 00:05:48.662,1.1103,1.11026,1.5,1.12
07.11.2016 00:05:49.067,1.11029,1.1102400000000001,1.5,1.87
07.11.2016 00:05:49.573,1.1103,1.11025,1.5,6
07.11.2016 00:05:49.826,1.1103100000000001,1.11029,2.81,1.2
07.11.2016 00:05:50.230,1.1103100000000001,1.11027,1,1
07.11.2016 00:05:50.332,1.1103200000000002,1.11029,8.06,1
07.11.2016 00:05:50.383,1.1103200000000002,1.11027,6.94,1.5
07.11.2016 00:05:50.905,1.1103100000000001,1.11026,1.31,2.62
07.11.2016 00:05:54.988,1.1103100000000001,1.11026,2.81,1.12
07.11.2016 00:05:57.824,1.1103100000000001,1.11029,2.06,2.5
07.11.2016 00:05:57.926,1.1103200000000002,1.1103,6,1
07.11.2016 00:05:57.978,1.1103100000000001,1.11027,2.25,1.5
07.11.2016 00:05:58.485,1.1103100000000001,1.11028,1.5,1
07.11.2016 00:05:58.536,1.1103100000000001,1.11026,1.5,1.12
07.11.2016 00:05:59.088,1.11033,1.11027,3.56,2.25
07.11.2016 00:05:59.391,1.11034,1.11028,4.12,2.25
07.11.2016 00:05:59.847,1.11035,1.11029,2.44,6.22
07.11.2016 00:06:01.840,1.11035,1.1103100000000001,3.56,1
07.11.2016 00:06:02.639,1.11033,1.1103100000000001,1,1
07.11.2016 00:06:02.777,1.11033,1.11028,4.5,1.87
07.11.2016 00:06:03.284,1.1103200000000002,1.11028,1.5,1.12
07.11.2016 00:06:03.486,1.11034,1.11029,4.87,1
07.11.2016 00:06:04.707,1.11036,1.11029,6.37,2.62
07.11.2016 00:06:05.481,1.11036,1.1103,5.25,1.5
07.11.2016 00:06:06.198,1.11036,1.1103,2.62,6.37
07.11.2016 00:06:06.736,1.11036,1.1103,2.25,9.75
07.11.2016 00:06:07.448,1.11036,1.11034,1.5,1
07.11.2016 00:06:07.652,1.11039,1.11034,1.5,3.15
07.11.2016 00:06:07.956,1.1104,1.11034,3.56,8.1
07.11.2016 00:06:08.165,1.1104100000000001,1.11035,3.94,8.4
07.11.2016 00:06:08.217,1.1104100000000001,1.11035,3.19,3.75
07.11.2016 00:06:08.722,1.1104200000000002,1.11036,5.25,3
07.11.2016 00:06:10.620,1.1104100000000001,1.11035,3.37,8.25
07.11.2016 00:06:11.150,1.1104100000000001,1.11036,1.12,1.5
07.11.2016 00:06:11.759,1.1104100000000001,1.11037,1.12,1
07.11.2016 00:06:12.266,1.1104200000000002,1.11036,4.13,5.25
07.11.2016 00:06:12.687,1.1104200000000002,1.11039,3.38,1.5
07.11.2016 00:06:13.209,1.11046,1.1104,3,5.81
07.11.2016 00:06:13.752,1.11046,1.1104200000000002,2.25,1.5
07.11.2016 00:06:13.853,1.11046,1.11044,1.5,1.25
07.11.2016 00:06:13.904,1.11049,1.11044,9.45,1
07.11.2016 00:06:14.310,1.11047,1.1104500000000002,1,1.5
07.11.2016 00:06:14.446,1.11047,1.1104200000000002,2.25,3.37
07.11.2016 00:06:15.434,1.11047,1.11044,4.12,1
07.11.2016 00:06:15.638,1.11049,1.1104500000000002,1.87,1
07.11.2016 00:06:15.689,1.11047,1.11044,1.69,3.75
07.11.2016 00:06:15.892,1.11047,1.1104200000000002,3.56,2.25
07.11.2016 00:06:16.438,1.11046,1.1104200000000002,1,2.25
07.11.2016 00:06:16.944,1.11047,1.1104100000000001,2.81,6
07.11.2016 00:06:17.147,1.11046,1.11043,1,1
07.11.2016 00:06:17.555,1.11046,1.1104100000000001,1.5,5.62
07.11.2016 00:06:18.188,1.11046,1.1104200000000002,1,1
07.11.2016 00:06:18.695,1.11046,1.1104100000000001,1,4.87
07.11.2016 00:06:18.797,1.11047,1.11044,2.06,1
07.11.2016 00:06:19.101,1.11047,1.1104200000000002,4.12,1.5
07.11.2016 00:06:19.405,1.11047,1.11044,1.87,1
07.11.2016 00:06:19.714,1.1105200000000002,1.11048,6.94,1
07.11.2016 00:06:19.969,1.1105200000000002,1.11048,1.87,1.12
07.11.2016 00:06:20.172,1.1105200000000002,1.1105,1.5,1
07.11.2016 00:06:20.477,1.11054,1.1105200000000002,3.22,1
07.11.2016 00:06:20.629,1.11059,1.11053,2.62,3
07.11.2016 00:06:20.680,1.11059,1.1105500000000001,1.87,1
07.11.2016 00:06:20.834,1.1106,1.1105500000000001,3,1.2
07.11.2016 00:06:21.340,1.1106,1.1105500000000001,1.12,1.2
07.11.2016 00:06:22.514,1.11061,1.11056,4.31,1
07.11.2016 00:06:23.020,1.11061,1.11056,1.31,3.75
07.11.2016 00:06:23.172,1.11058,1.11056,1,3.15
07.11.2016 00:06:23.476,1.11053,1.1105200000000002,1,1.2
07.11.2016 00:06:23.527,1.11054,1.1105200000000002,3,1.5
07.11.2016 00:06:23.578,1.11053,1.1105200000000002,1,1.5
07.11.2016 00:06:25.137,1.11054,1.11053,3,1
07.11.2016 00:06:25.442,1.11056,1.11054,2.25,1.12
07.11.2016 00:06:25.646,1.11059,1.11057,2.62,1.37
07.11.2016 00:06:25.748,1.11057,1.11056,2.25,4.12
07.11.2016 00:06:25.952,1.11059,1.11058,2.25,1
07.11.2016 00:06:26.612,1.11058,1.11056,2.25,6
07.11.2016 00:06:26.955,1.11058,1.11057,2.25,1.87
07.11.2016 00:06:28.274,1.11057,1.11056,2.25,5.25
07.11.2016 00:06:28.826,1.11057,1.1105500000000001,1,10.12
07.11.2016 00:06:29.079,1.11057,1.11053,1,1
07.11.2016 00:06:29.485,1.11056,1.11053,1.5,1
07.11.2016 00:06:30.134,1.11056,1.1105200000000002,3,1
07.11.2016 00:06:30.686,1.1105500000000001,1.1105200000000002,1.5,1
07.11.2016 00:06:30.990,1.1105500000000001,1.1105,3,4.87
07.11.2016 00:06:31.496,1.1105200000000002,1.1105,1.5,5.25
07.11.2016 00:06:33.135,1.1105200000000002,1.11051,3,2.25
07.11.2016 00:06:33.490,1.1105200000000002,1.11051,2.25,4.87
07.11.2016 00:06:33.693,1.1105200000000002,1.1105,1.5,7.12
07.11.2016 00:06:34.089,1.11054,1.11053,2.25,1
07.11.2016 00:06:34.606,1.1105200000000002,1.11051,3,1.87
07.11.2016 00:06:36.373,1.11051,1.1105,1,4.87
07.11.2016 00:06:36.875,1.11051,1.1105,1.5,2.62
07.11.2016 00:06:38.408,1.11051,1.1105,1.5,7.12
07.11.2016 00:06:38.937,1.1105200000000002,1.11051,2.25,1.87
07.11.2016 00:06:39.450,1.1105200000000002,1.1105,2.5,7.12
07.11.2016 00:06:41.082,1.1105200000000002,1.11051,2.25,1.12
07.11.2016 00:06:41.386,1.11049,1.11047,1,1.87
07.11.2016 00:06:41.538,1.11046,1.1104500000000002,1,2.62
07.11.2016 00:06:41.639,1.11049,1.11047,1.5,1
07.11.2016 00:06:42.160,1.11048,1.11047,1.5,2.25
07.11.2016 00:06:42.667,1.11048,1.11046,1,6.75
07.11.2016 00:06:43.234,1.11049,1.11047,2.25,3.75
07.11.2016 00:06:43.685,1.11048,1.11046,1,3.75
07.11.2016 00:06:43.888,1.1105,1.11048,1,1
07.11.2016 00:06:44.193,1.11046,1.1104500000000002,1,2.62
07.11.2016 00:06:44.296,1.11047,1.11046,3,1.5
07.11.2016 00:06:44.500,1.11046,1.11044,3,4.12
07.11.2016 00:06:44.654,1.1104200000000002,1.1104100000000001,1,1
07.11.2016 00:06:44.756,1.1104100000000001,1.11039,1.5,5.25
07.11.2016 00:06:45.115,1.11039,1.11037,1,5.62
07.11.2016 00:06:45.369,1.1104100000000001,1.11039,2.25,1.35
07.11.2016 00:06:45.673,1.1104,1.11038,1,2.47
07.11.2016 00:06:45.978,1.11036,1.11035,1,2.62
07.11.2016 00:06:46.181,1.1104,1.11039,2.25,1.5
07.11.2016 00:06:46.232,1.1104,1.11039,1.5,1
07.11.2016 00:06:46.283,1.1104,1.11039,1.5,1
07.11.2016 00:06:46.439,1.11039,1.11037,1,9.37
07.11.2016 00:06:46.490,1.1104100000000001,1.11039,1.5,1.99
07.11.2016 00:06:46.591,1.11039,1.11037,1,8.25
07.11.2016 00:06:46.643,1.1104,1.11039,1.5,2.62
07.11.2016 00:06:46.703,1.1104,1.11037,2.25,7.31
07.11.2016 00:06:46.754,1.11038,1.11036,1,5.25
07.11.2016 00:06:46.805,1.1104,1.11039,1,1
07.11.2016 00:06:46.907,1.1104,1.11039,3.75,1
07.11.2016 00:06:47.008,1.1104,1.11039,1,4.12
07.11.2016 00:06:47.566,1.1104200000000002,1.1104,3,1
07.11.2016 00:06:47.667,1.1104200000000002,1.1104100000000001,1,2.44
07.11.2016 00:06:47.718,1.11043,1.1104100000000001,1,3.19
07.11.2016 00:06:47.770,1.11043,1.1104100000000001,1,2.62
07.11.2016 00:06:47.923,1.1104200000000002,1.1104,1,2.25
07.11.2016 00:06:48.178,1.1104,1.11039,3,1.5
07.11.2016 00:06:48.280,1.11039,1.11037,1,13.43
07.11.2016 00:06:48.685,1.11037,1.11036,2.25,3.37
07.11.2016 00:06:50.703,1.11037,1.11036,2.25,3.75
07.11.2016 00:06:51.209,1.11036,1.11035,1,1.5
07.11.2016 00:06:52.288,1.11046,1.11044,20.62,1
07.11.2016 00:06:52.390,1.11051,1.11049,1,2.25
07.11.2016 00:06:52.477,1.1105200000000002,1.1105,1.12,3.37
07.11.2016 00:06:52.984,1.11054,1.11051,1.5,6.37
07.11.2016 00:06:53.499,1.11053,1.1105200000000002,3,1
07.11.2016 00:06:54.008,1.11053,1.1105200000000002,3,2.25
07.11.2016 00:06:56.222,1.11053,1.1105200000000002,2.25,2.25
07.11.2016 00:06:56.728,1.11053,1.1105200000000002,3,2.25
07.11.2016 00:06:57.788,1.11053,1.1105200000000002,3,3
07.11.2016 00:06:58.787,1.11054,1.11053,3,1
07.11.2016 00:07:00.346,1.11053,1.1105200000000002,3,1.5
07.11.2016 00:07:01.019,1.11054,1.1105200000000002,3,1.5
07.11.2016 00:07:01.539,1.11053,1.1105200000000002,3,2.25
07.11.2016 00:07:02.044,1.11054,1.11053,3,2.25
07.11.2016 00:07:02.348,1.11054,1.1105200000000002,3,3.75
07.11.2016 00:07:03.887,1.11053,1.1105200000000002,2.25,2.25
07.11.2016 00:07:04.295,1.11054,1.11053,2.25,2.62
07.11.2016 00:07:04.384,1.11058,1.11057,1.12,2.25
07.11.2016 00:07:04.435,1.11059,1.11057,2.25,4.87
07.11.2016 00:07:04.849,1.11058,1.11056,2.25,1.12
07.11.2016 00:07:05.470,1.11059,1.11057,1,1
07.11.2016 00:07:05.976,1.11059,1.11057,1.5,2.25
07.11.2016 00:07:06.481,1.11061,1.1106,1,3.75
07.11.2016 00:07:06.532,1.11063,1.11061,2.62,1
07.11.2016 00:07:06.735,1.11064,1.11063,1,1
07.11.2016 00:07:06.786,1.11064,1.1106200000000002,1,1.08
07.11.2016 00:07:07.766,1.11064,1.1106200000000002,1.5,1.83
07.11.2016 00:07:09.171,1.1106500000000001,1.11063,3,1.33
07.11.2016 00:07:09.374,1.1106500000000001,1.11064,1.5,2.25
07.11.2016 00:07:09.475,1.11068,1.11066,3,1.83
07.11.2016 00:07:10.015,1.11068,1.11066,1.5,2.62
07.11.2016 00:07:10.539,1.11069,1.11068,2.25,1
07.11.2016 00:07:11.045,1.1107,1.11069,2.25,1
07.11.2016 00:07:11.346,1.11069,1.11067,2.25,1.5
07.11.2016 00:07:11.859,1.11069,1.11067,2.25,1.87
07.11.2016 00:07:12.860,1.1107,1.11067,3.75,2.62
07.11.2016 00:07:13.113,1.11067,1.11066,1.5,4.87
07.11.2016 00:07:13.316,1.11063,1.11061,1,3
07.11.2016 00:07:13.612,1.1106500000000001,1.11061,3,2.62
07.11.2016 00:07:13.865,1.11068,1.11064,2.25,4.5
07.11.2016 00:07:14.018,1.11068,1.1106500000000001,1,5.06
07.11.2016 00:07:14.323,1.11067,1.1106500000000001,1,3.75
07.11.2016 00:07:14.426,1.11066,1.11063,3,3.19
07.11.2016 00:07:14.932,1.1106500000000001,1.11063,3,2.25
07.11.2016 00:07:15.483,1.1106500000000001,1.1106200000000002,3,1.87
07.11.2016 00:07:16.338,1.1106500000000001,1.11063,3,1
07.11.2016 00:07:17.234,1.1106500000000001,1.11063,3,1
07.11.2016 00:07:17.745,1.1106500000000001,1.11063,3,1.12
07.11.2016 00:07:17.897,1.11066,1.1106500000000001,1,1.5
07.11.2016 00:07:18.152,1.1107200000000002,1.11069,2.25,3.37
07.11.2016 00:07:18.304,1.1107,1.11069,1,1
07.11.2016 00:07:18.812,1.1107,1.11069,1,1
07.11.2016 00:07:19.969,1.11071,1.11069,3,1
07.11.2016 00:07:20.478,1.1107,1.11069,1,1
07.11.2016 00:07:20.984,1.1107,1.11068,3,1
07.11.2016 00:07:21.901,1.11071,1.11068,1.5,1
07.11.2016 00:07:22.407,1.1107,1.11067,2.25,1.5
07.11.2016 00:07:23.037,1.1107,1.11066,3.75,1.5
07.11.2016 00:07:23.639,1.11067,1.11066,1.5,1.5
07.11.2016 00:07:23.892,1.1106500000000001,1.1106,3.75,6.75
07.11.2016 00:07:24.409,1.1106500000000001,1.1106200000000002,3,1.87
07.11.2016 00:07:24.863,1.11066,1.1106500000000001,1,1.12
07.11.2016 00:07:24.927,1.11068,1.11064,1.87,1.87
07.11.2016 00:07:25.080,1.1107,1.11066,4.12,1.12
07.11.2016 00:07:25.941,1.11069,1.11066,1,1.12
07.11.2016 00:07:26.446,1.1107,1.11066,3.37,1.12
07.11.2016 00:07:28.869,1.1107,1.11066,2.62,1.37
07.11.2016 00:07:28.971,1.11069,1.1106500000000001,1,1.12
07.11.2016 00:07:29.134,1.1107,1.11067,1.87,1
07.11.2016 00:07:29.643,1.11071,1.11066,3,4.87
07.11.2016 00:07:29.946,1.1107200000000002,1.1107,1,1.12
07.11.2016 00:07:30.048,1.11074,1.1107,1.5,1.87
07.11.2016 00:07:30.099,1.1107200000000002,1.11069,2.25,4.95
07.11.2016 00:07:30.251,1.11071,1.11068,1.5,1.12
07.11.2016 00:07:30.775,1.1107,1.11069,2.25,1
07.11.2016 00:07:30.826,1.1107200000000002,1.11071,3,1.5
07.11.2016 00:07:30.927,1.11074,1.11071,3.37,1
07.11.2016 00:07:31.087,1.1107600000000002,1.1107200000000002,4.87,1.5
07.11.2016 00:07:32.354,1.1107500000000001,1.1107200000000002,1.5,1
07.11.2016 00:07:32.900,1.1107600000000002,1.11073,3.37,1
07.11.2016 00:07:34.822,1.1107500000000001,1.1107200000000002,1.5,1.87
07.11.2016 00:07:35.037,1.1107500000000001,1.1107200000000002,6,1
07.11.2016 00:07:36.803,1.1107500000000001,1.1107200000000002,3.25,1
07.11.2016 00:07:37.070,1.1107500000000001,1.11071,6.75,1.5
07.11.2016 00:07:37.597,1.1107500000000001,1.1107200000000002,6,1
07.11.2016 00:07:38.170,1.1107500000000001,1.11073,2.25,1
07.11.2016 00:07:38.980,1.1107500000000001,1.1107200000000002,3,1
07.11.2016 00:07:40.132,1.1107600000000002,1.1107200000000002,5.25,1.37
07.11.2016 00:07:40.890,1.1107600000000002,1.1107200000000002,3.75,1
07.11.2016 00:07:41.431,1.1107500000000001,1.11071,1,1.5
07.11.2016 00:07:41.957,1.1107600000000002,1.11073,2.25,1.37
07.11.2016 00:07:42.485,1.1107799999999999,1.11077,2.25,1
07.11.2016 00:07:42.581,1.11079,1.11077,1,1
07.11.2016 00:07:42.937,1.11081,1.1107799999999999,3.75,1
07.11.2016 00:07:43.291,1.1107799999999999,1.11077,1,1
07.11.2016 00:07:43.495,1.11077,1.1107500000000001,1.5,1
07.11.2016 00:07:43.648,1.1108,1.11074,5.62,1.5
07.11.2016 00:07:43.800,1.11077,1.11074,2.25,1.5
07.11.2016 00:07:44.856,1.11077,1.1107600000000002,3,1
07.11.2016 00:07:44.959,1.1108,1.1107600000000002,2.25,1.12
07.11.2016 00:07:45.161,1.11077,1.1107500000000001,1,1
07.11.2016 00:07:45.364,1.1107600000000002,1.1107200000000002,1.5,2.25
07.11.2016 00:07:45.415,1.1107600000000002,1.1107500000000001,1,1.12
07.11.2016 00:07:45.466,1.1107799999999999,1.1107500000000001,1.12,2.62
07.11.2016 00:07:45.871,1.1108,1.1107500000000001,5.25,3.91
07.11.2016 00:07:46.376,1.1108,1.1107600000000002,3,1.35
07.11.2016 00:07:46.887,1.1108,1.1107600000000002,3.75,2.6
07.11.2016 00:07:46.989,1.1108,1.1107799999999999,3.75,1
07.11.2016 00:07:47.293,1.1108,1.1107600000000002,3.75,2.6
07.11.2016 00:07:47.914,1.1108,1.11077,3.75,1
07.11.2016 00:07:48.488,1.1108,1.1107799999999999,2.25,1
07.11.2016 00:07:49.011,1.1108,1.11079,1,3
07.11.2016 00:07:49.062,1.11083,1.11079,1.87,7.85
07.11.2016 00:07:49.265,1.1108600000000002,1.1108,4.12,7.87
07.11.2016 00:07:49.771,1.1108500000000001,1.11081,4.87,1
07.11.2016 00:07:50.599,1.1108500000000001,1.11079,4.69,2.07
07.11.2016 00:07:51.124,1.11084,1.11079,1,1.32
07.11.2016 00:07:51.946,1.1108200000000001,1.11079,3.75,1.32
07.11.2016 00:07:52.199,1.1108200000000001,1.1107600000000002,4.5,3.19
07.11.2016 00:07:52.718,1.11081,1.11077,4.5,1.12
07.11.2016 00:07:53.235,1.11081,1.1107500000000001,6,9.38
07.11.2016 00:07:53.937,1.11081,1.11077,3.75,1
07.11.2016 00:07:54.039,1.1108200000000001,1.1108,1.12,1
07.11.2016 00:07:54.258,1.11084,1.11079,1.87,1.2
07.11.2016 00:07:55.167,1.11083,1.11079,1,1.12
07.11.2016 00:07:55.370,1.11084,1.11081,1.5,1
07.11.2016 00:07:55.573,1.1108600000000002,1.11081,5.62,1.12
07.11.2016 00:07:58.719,1.11083,1.1108,1,6.75
07.11.2016 00:07:58.973,1.11081,1.1107600000000002,5.44,1
07.11.2016 00:07:59.226,1.11081,1.1107799999999999,4.5,1
07.11.2016 00:07:59.732,1.11081,1.11077,4.5,1.12
07.11.2016 00:08:00.238,1.1108200000000001,1.11077,5.62,1.12
07.11.2016 00:08:01.836,1.1108200000000001,1.11079,4.12,1
07.11.2016 00:08:02.039,1.1108500000000001,1.1108,7.12,3
07.11.2016 00:08:02.140,1.11083,1.1108,1.5,1.5
07.11.2016 00:08:02.292,1.1108200000000001,1.1107799999999999,1,1.5
07.11.2016 00:08:02.810,1.1108200000000001,1.11077,3.75,2.62
07.11.2016 00:08:03.315,1.1108200000000001,1.1107799999999999,3.75,1
07.11.2016 00:08:03.836,1.11081,1.11077,1,1.12
07.11.2016 00:08:04.684,1.1108200000000001,1.11077,6,1.12
07.11.2016 00:08:04.837,1.1108200000000001,1.1108,3,1
07.11.2016 00:08:04.990,1.1108500000000001,1.1108,8.62,3
07.11.2016 00:08:05.142,1.1108200000000001,1.11079,1,2.32
07.11.2016 00:08:05.345,1.1108200000000001,1.1107600000000002,4.5,3
07.11.2016 00:08:06.342,1.1108200000000001,1.1107799999999999,3,1
07.11.2016 00:08:06.885,1.11081,1.1107600000000002,2.44,3
07.11.2016 00:08:08.084,1.11081,1.1107600000000002,3.19,2.25
07.11.2016 00:08:08.633,1.11081,1.1107600000000002,3.71,1.5
07.11.2016 00:08:09.440,1.1108200000000001,1.1107799999999999,2.44,1.12
07.11.2016 00:08:09.491,1.11083,1.11079,5.62,1
07.11.2016 00:08:09.795,1.11081,1.1107600000000002,2.25,2.62
07.11.2016 00:08:09.846,1.11081,1.1107600000000002,2.25,2.25
07.11.2016 00:08:10.503,1.11081,1.11077,3.37,1
07.11.2016 00:08:11.036,1.1108200000000001,1.1108,2.25,2.62
07.11.2016 00:08:11.189,1.1108500000000001,1.11081,1.5,1
07.11.2016 00:08:11.696,1.1108600000000002,1.1108200000000001,1.5,1
07.11.2016 00:08:12.239,1.1108500000000001,1.11081,1.5,1.12
07.11.2016 00:08:12.770,1.1108500000000001,1.1108200000000001,1.5,1
07.11.2016 00:08:12.922,1.11087,1.1108200000000001,8.06,1.5
07.11.2016 00:08:13.431,1.1108600000000002,1.1108200000000001,1.5,1
07.11.2016 00:08:14.404,1.11087,1.1108200000000001,8.81,1
07.11.2016 00:08:14.931,1.1108600000000002,1.1108200000000001,1,1
07.11.2016 00:08:15.435,1.11087,1.1108200000000001,5.06,1.5
07.11.2016 00:08:15.486,1.11087,1.1108500000000001,2.62,2.25
07.11.2016 00:08:15.688,1.11091,1.1108600000000002,5.81,1.12
07.11.2016 00:08:16.396,1.11091,1.11087,8.06,1
07.11.2016 00:08:16.915,1.11091,1.1108600000000002,5.62,2.62
07.11.2016 00:08:17.436,1.11091,1.1108600000000002,4.87,2.62
07.11.2016 00:08:18.032,1.11088,1.1108500000000001,4.75,10.69
07.11.2016 00:08:18.236,1.11089,1.1108500000000001,1.5,10.31
07.11.2016 00:08:18.337,1.11089,1.1108600000000002,1.75,1
07.11.2016 00:08:18.644,1.11083,1.11081,1,2.25
07.11.2016 00:08:19.151,1.11083,1.11081,1.5,1
07.11.2016 00:08:22.041,1.11083,1.1108,2.25,1.25
07.11.2016 00:08:22.092,1.11081,1.1108,1,1.25
07.11.2016 00:08:22.347,1.1108,1.1107799999999999,2.25,1.12
07.11.2016 00:08:22.399,1.1108,1.1107500000000001,2.62,2.81
07.11.2016 00:08:22.502,1.1107799999999999,1.1107500000000001,2.25,2.06
07.11.2016 00:08:22.674,1.11077,1.1107200000000002,2.44,3.56
07.11.2016 00:08:22.725,1.11077,1.1107600000000002,1.25,1
07.11.2016 00:08:22.827,1.1108,1.11077,5.62,1.25
07.11.2016 00:08:24.159,1.11081,1.1107600000000002,1.87,2.44
07.11.2016 00:08:24.210,1.1108200000000001,1.1108,3,3.19
07.11.2016 00:08:24.351,1.11083,1.1108,1,1.25
07.11.2016 00:08:24.605,1.1108200000000001,1.1107799999999999,1,5.06
07.11.2016 00:08:25.370,1.1108200000000001,1.11079,1,1
07.11.2016 00:08:25.725,1.1108,1.1107799999999999,1,2.81
07.11.2016 00:08:26.186,1.1108200000000001,1.1107799999999999,3.37,2.44
07.11.2016 00:08:26.714,1.11083,1.11079,2.25,3
07.11.2016 00:08:27.018,1.11081,1.11079,1,1.12
07.11.2016 00:08:27.220,1.1108200000000001,1.11079,1.5,1
07.11.2016 00:08:28.079,1.11083,1.11079,3.75,1
07.11.2016 00:08:28.130,1.11081,1.11079,1,1
07.11.2016 00:08:28.636,1.11081,1.1107799999999999,1.5,1.25
07.11.2016 00:08:34.655,1.11081,1.11079,1.5,1
07.11.2016 00:08:35.161,1.11081,1.1107799999999999,1,1.31
07.11.2016 00:08:35.633,1.1108200000000001,1.1108,2.62,1.5
07.11.2016 00:08:36.081,1.1108200000000001,1.1107600000000002,5.25,3.75
07.11.2016 00:08:36.132,1.1108200000000001,1.11079,3.75,1
07.11.2016 00:08:36.638,1.1108200000000001,1.11077,4.12,1.87
07.11.2016 00:08:36.993,1.1108200000000001,1.1108,1.12,2.25
07.11.2016 00:08:37.499,1.11081,1.11079,1.5,1
07.11.2016 00:08:38.739,1.1108200000000001,1.11079,1.12,4.5
07.11.2016 00:08:39.094,1.11081,1.11077,1,1.12
07.11.2016 00:08:39.448,1.11083,1.11077,4.12,3.75
07.11.2016 00:08:39.499,1.11083,1.1108,1.87,1
07.11.2016 00:08:39.601,1.11083,1.1107799999999999,1.12,3.75
07.11.2016 00:08:40.114,1.1108200000000001,1.1107799999999999,2.25,1.5
07.11.2016 00:08:40.385,1.1108200000000001,1.1108,1.5,1
07.11.2016 00:08:40.537,1.11084,1.1108,1.87,1
07.11.2016 00:08:41.088,1.11084,1.11079,1.12,1.87
07.11.2016 00:08:44.208,1.11084,1.11079,1.87,4.07
07.11.2016 00:08:44.484,1.11087,1.11079,6.75,19.87
07.11.2016 00:08:44.991,1.1108600000000002,1.1108,1,12.75
07.11.2016 00:08:45.299,1.11087,1.11083,1.12,1.87
07.11.2016 00:08:45.805,1.11087,1.1108200000000001,2.25,4.5
07.11.2016 00:08:47.036,1.1108500000000001,1.1108200000000001,1,1.5
07.11.2016 00:08:47.584,1.1108600000000002,1.11081,5.62,1
07.11.2016 00:08:47.886,1.11087,1.1108500000000001,3,1
07.11.2016 00:08:48.241,1.11088,1.11083,3.75,1.5
07.11.2016 00:08:48.747,1.1108600000000002,1.1108200000000001,1,3.37
07.11.2016 00:08:49.280,1.11087,1.11083,6,1
07.11.2016 00:08:49.788,1.11087,1.1108200000000001,6,1.87
07.11.2016 00:08:50.320,1.11087,1.11083,6,1
07.11.2016 00:08:51.711,1.11088,1.1108500000000001,3.75,3.37
07.11.2016 00:08:51.863,1.1109,1.1108500000000001,5.25,4.12
07.11.2016 00:08:52.368,1.1109,1.1108500000000001,1.12,4.87
07.11.2016 00:08:53.631,1.11089,1.1108500000000001,1,4.12
07.11.2016 00:08:55.469,1.1109,1.1108500000000001,1.5,3.37
07.11.2016 00:08:55.570,1.11091,1.1108500000000001,5.44,5.25
07.11.2016 00:08:56.557,1.1109,1.1108500000000001,1,5.62
07.11.2016 00:08:57.436,1.11091,1.1108500000000001,8.81,5.62
07.11.2016 00:08:57.955,1.11091,1.11087,5.44,1
07.11.2016 00:09:00.121,1.11091,1.11089,2.62,1.5
07.11.2016 00:09:00.274,1.11091,1.11087,9.94,1.12
07.11.2016 00:09:00.325,1.1109200000000001,1.11089,6.37,2.25
07.11.2016 00:09:00.376,1.11091,1.1109,1.87,7.87
07.11.2016 00:09:00.478,1.1109700000000002,1.1109600000000002,3.37,1
07.11.2016 00:09:00.999,1.1109600000000002,1.11094,1,6.82
07.11.2016 00:09:01.152,1.11099,1.11094,1.12,4.95
07.11.2016 00:09:01.253,1.1109700000000002,1.11094,1,2.25
07.11.2016 00:09:01.516,1.1109600000000002,1.1109200000000001,2.25,1.12
07.11.2016 00:09:02.123,1.1109600000000002,1.1109200000000001,1,3.75
07.11.2016 00:09:02.629,1.1109600000000002,1.1109200000000001,1,1.87
07.11.2016 00:09:03.159,1.11095,1.1109200000000001,1.5,1.12
07.11.2016 00:09:03.679,1.1109600000000002,1.1109200000000001,2.06,1
07.11.2016 00:09:04.184,1.1109600000000002,1.11093,2.06,1
07.11.2016 00:09:04.689,1.1109700000000002,1.1109200000000001,9.94,1
07.11.2016 00:09:05.101,1.11094,1.11091,1,1.12
07.11.2016 00:09:05.547,1.1109200000000001,1.1108600000000002,1,9.75
07.11.2016 00:09:05.598,1.1109200000000001,1.1108600000000002,1,8.25
07.11.2016 00:09:06.104,1.1109200000000001,1.11088,1,1
07.11.2016 00:09:06.256,1.1109,1.11088,1,1
07.11.2016 00:09:06.408,1.11088,1.1108500000000001,3,1
07.11.2016 00:09:06.936,1.1109,1.1108500000000001,4.5,3.94
07.11.2016 00:09:07.475,1.1109,1.1108500000000001,1.5,9.67
07.11.2016 00:09:08.490,1.1109,1.1108500000000001,1.5,5.62
07.11.2016 00:09:09.147,1.11089,1.11084,1,1.37
07.11.2016 00:09:10.458,1.11088,1.11084,1,1.5
07.11.2016 00:09:11.436,1.11088,1.11083,1,3.75
07.11.2016 00:09:12.416,1.1108600000000002,1.11083,1,2.25
07.11.2016 00:09:12.619,1.11087,1.11081,4.5,4.31
07.11.2016 00:09:13.024,1.11087,1.1108500000000001,6.37,1
07.11.2016 00:09:13.329,1.11091,1.11088,1,1.12
07.11.2016 00:09:13.765,1.11089,1.11087,1,1.12
07.11.2016 00:09:13.921,1.11089,1.1108500000000001,1,6.37
07.11.2016 00:09:14.077,1.11091,1.1108500000000001,2.62,5.62
07.11.2016 00:09:16.768,1.11089,1.1108500000000001,1,5.62
07.11.2016 00:09:17.770,1.11091,1.1108500000000001,3.75,7.5
07.11.2016 00:09:18.126,1.11089,1.1108500000000001,1,5.62
07.11.2016 00:09:19.248,1.11091,1.1108500000000001,4.87,6.75
07.11.2016 00:09:20.105,1.11089,1.1108500000000001,1,5.25
07.11.2016 00:09:20.611,1.11089,1.11084,1,1.12
07.11.2016 00:09:21.093,1.11087,1.11084,1,5.4
07.11.2016 00:09:21.548,1.1109,1.1108500000000001,9,3
07.11.2016 00:09:22.073,1.11089,1.11084,1,1.12
07.11.2016 00:09:22.276,1.11087,1.11083,1.5,3.75
07.11.2016 00:09:22.580,1.1108600000000002,1.11081,3,2.25
07.11.2016 00:09:23.443,1.1108600000000002,1.11084,4.5,1
07.11.2016 00:09:24.251,1.1108600000000002,1.11083,1,1
07.11.2016 00:09:24.787,1.11087,1.1108500000000001,5.81,1
07.11.2016 00:09:24.990,1.1109,1.1108600000000002,1.5,1
07.11.2016 00:09:25.536,1.11091,1.1108600000000002,3.75,1.5
07.11.2016 00:09:26.384,1.11091,1.1109,1.5,1
07.11.2016 00:09:26.537,1.11094,1.1109,1.5,1
07.11.2016 00:09:27.128,1.11093,1.1109,1,2.62
07.11.2016 00:09:27.381,1.11093,1.11088,3.94,2.62
07.11.2016 00:09:27.980,1.1109200000000001,1.11088,1,1
07.11.2016 00:09:28.940,1.1109200000000001,1.1109,1,2.25
07.11.2016 00:09:29.143,1.11095,1.1109,3.37,4.75
07.11.2016 00:09:29.685,1.11095,1.1109,1,6
07.11.2016 00:09:30.621,1.1109600000000002,1.1109,2.62,6.75
07.11.2016 00:09:35.390,1.1109700000000002,1.11091,6.75,3.37
07.11.2016 00:09:35.492,1.1109700000000002,1.11095,2.25,2.25
07.11.2016 00:09:35.594,1.1109700000000002,1.11093,5.44,3
07.11.2016 00:09:35.898,1.1109600000000002,1.11095,1,1
07.11.2016 00:09:36.101,1.11099,1.11095,1.12,1.5
07.11.2016 00:09:36.608,1.11099,1.11094,3.75,1.87
07.11.2016 00:09:37.439,1.11098,1.11094,1.5,1.12
07.11.2016 00:09:37.541,1.1109600000000002,1.1109200000000001,1,2.62
07.11.2016 00:09:37.748,1.1109600000000002,1.11091,1.5,1
07.11.2016 00:09:38.005,1.1109700000000002,1.11095,3,1.5
07.11.2016 00:09:38.535,1.1109700000000002,1.11094,1,1.12
07.11.2016 00:09:39.041,1.1109600000000002,1.11094,1,1
07.11.2016 00:09:39.690,1.1109700000000002,1.11093,5.25,1.12
07.11.2016 00:09:40.197,1.1109600000000002,1.11094,1,1
07.11.2016 00:09:41.732,1.1109600000000002,1.11095,1,1
07.11.2016 00:09:42.038,1.11094,1.1109200000000001,1.5,1
07.11.2016 00:09:42.463,1.11094,1.1109,1.5,4.12
07.11.2016 00:09:43.019,1.11094,1.1109,1,4.5
07.11.2016 00:09:43.526,1.11095,1.1109,4.5,4.5
07.11.2016 00:09:44.031,1.1109600000000002,1.1109200000000001,1.5,1.12
07.11.2016 00:09:44.566,1.1109700000000002,1.11093,9.37,1
07.11.2016 00:09:45.789,1.11095,1.11093,3,1
07.11.2016 00:09:45.893,1.11095,1.11091,5.81,2.62
07.11.2016 00:09:46.687,1.11095,1.1109200000000001,4.69,1
07.11.2016 00:09:49.886,1.11095,1.11093,4.69,1
07.11.2016 00:09:50.088,1.11095,1.11091,3.56,1.5
07.11.2016 00:09:50.628,1.11095,1.11091,4.69,2.62
07.11.2016 00:09:51.545,1.11091,1.11089,4.5,10.5
07.11.2016 00:09:51.698,1.1109,1.1108600000000002,5.44,1.25
07.11.2016 00:09:52.205,1.1109,1.1108500000000001,4.12,3
07.11.2016 00:09:52.736,1.1109,1.1108500000000001,3.37,3
07.11.2016 00:09:54.787,1.1109,1.1108600000000002,4.87,1
07.11.2016 00:09:58.690,1.1109,1.11087,4.5,1.12
07.11.2016 00:09:59.239,1.1109,1.1108600000000002,4.87,1.5
07.11.2016 00:10:01.657,1.11089,1.1108600000000002,1,1.15
07.11.2016 00:10:02.419,1.1109,1.1108600000000002,7.5,1
07.11.2016 00:10:02.931,1.1109,1.1108500000000001,7.87,4.5
07.11.2016 00:10:05.486,1.11089,1.1108500000000001,1,7.12
07.11.2016 00:10:06.080,1.1109,1.1108500000000001,7.12,6.37
07.11.2016 00:10:08.202,1.1109,1.1108600000000002,6.37,1
07.11.2016 00:10:08.794,1.11089,1.1108600000000002,1.12,1
07.11.2016 00:10:09.344,1.11089,1.1108500000000001,1.37,4.5
07.11.2016 00:10:09.882,1.11089,1.1108500000000001,1.12,4.5
07.11.2016 00:10:10.865,1.1109,1.1108500000000001,6.75,5.62
07.11.2016 00:10:13.570,1.11089,1.1108500000000001,1.87,3.75
07.11.2016 00:10:15.943,1.11089,1.1108500000000001,1.12,3.75
07.11.2016 00:10:16.686,1.1109,1.1108500000000001,3.37,4.12
07.11.2016 00:10:20.237,1.11089,1.1108500000000001,1,4.12
07.11.2016 00:10:20.766,1.1109,1.1108500000000001,1,2.25
07.11.2016 00:10:21.284,1.11091,1.1108500000000001,7.31,2.25
07.11.2016 00:10:21.834,1.1109,1.1108500000000001,1,3
07.11.2016 00:10:22.669,1.11091,1.1108500000000001,11.06,4.5
07.11.2016 00:10:23.415,1.11091,1.1109,3.37,1
07.11.2016 00:10:23.566,1.11093,1.11091,2.25,2.25
07.11.2016 00:10:23.870,1.1109600000000002,1.1109,9.56,5.25
07.11.2016 00:10:25.006,1.1109600000000002,1.1109,8.06,4.13
07.11.2016 00:10:27.052,1.1109600000000002,1.11091,6.56,1
07.11.2016 00:10:27.525,1.1109600000000002,1.11094,2.06,1
07.11.2016 00:10:27.832,1.11104,1.111,1.5,6.37
07.11.2016 00:10:27.908,1.11105,1.111,2.62,8.62
07.11.2016 00:10:28.415,1.11105,1.11101,1,3.75
07.11.2016 00:10:28.753,1.1110600000000002,1.11103,1,1
07.11.2016 00:10:28.986,1.11105,1.11101,1,2.25
07.11.2016 00:10:34.556,1.11101,1.111,2.25,8.25
07.11.2016 00:10:34.658,1.11101,1.11099,6.37,1
07.11.2016 00:10:34.709,1.11101,1.1109700000000002,7.12,1.5
07.11.2016 00:10:34.912,1.1109700000000002,1.1109600000000002,2.25,2.25
07.11.2016 00:10:35.014,1.1109600000000002,1.11093,1,5.62
07.11.2016 00:10:35.116,1.11095,1.11091,1,2.62
07.11.2016 00:10:35.621,1.1109600000000002,1.1109,6,5.62
07.11.2016 00:10:35.824,1.11093,1.1109,1,4.87
07.11.2016 00:10:36.092,1.11091,1.11087,4.5,1
07.11.2016 00:10:36.607,1.1109,1.1108600000000002,1,1
07.11.2016 00:10:37.137,1.11091,1.1108600000000002,6.75,1
07.11.2016 00:10:37.684,1.1109,1.1108500000000001,1,6.75
07.11.2016 00:10:38.186,1.1109,1.1108600000000002,1,1
07.11.2016 00:10:40.688,1.11089,1.1108500000000001,1,8.25
07.11.2016 00:10:40.942,1.11087,1.1108500000000001,1,5.25
07.11.2016 00:10:41.297,1.11089,1.1108500000000001,3,1
07.11.2016 00:10:41.753,1.11089,1.11083,1,7.87
07.11.2016 00:10:42.056,1.1109,1.1108500000000001,6,1
07.11.2016 00:10:42.360,1.1109,1.11087,1,1
07.11.2016 00:10:42.512,1.1109200000000001,1.1108600000000002,5.62,3.37
07.11.2016 00:10:42.664,1.1109,1.1108600000000002,1.5,1.87
07.11.2016 00:10:43.061,1.11089,1.11084,2.62,1.87
07.11.2016 00:10:43.567,1.1109,1.1108500000000001,1,4.5
07.11.2016 00:10:44.235,1.1109,1.11084,5.25,3.75
07.11.2016 00:10:44.763,1.11089,1.11084,2.25,2.25
07.11.2016 00:10:45.486,1.11089,1.11083,3,5.25
07.11.2016 00:10:46.005,1.11089,1.1108500000000001,4.5,1
07.11.2016 00:10:46.534,1.1109,1.1108500000000001,1,5.62
07.11.2016 00:10:48.233,1.11091,1.1109,1.5,1
07.11.2016 00:10:48.335,1.11093,1.1109,2.25,1
07.11.2016 00:10:48.487,1.11091,1.11089,1.5,1.5
07.11.2016 00:10:48.589,1.11091,1.11087,2.25,2.25
07.11.2016 00:10:49.282,1.1109,1.1108600000000002,1,3
07.11.2016 00:10:54.597,1.11091,1.1108600000000002,3.75,1.5
07.11.2016 00:10:55.998,1.11091,1.11089,1.5,1
07.11.2016 00:10:56.182,1.11094,1.11089,5.62,5.25
07.11.2016 00:10:57.265,1.11094,1.1109,2.25,1.5
07.11.2016 00:10:57.467,1.1109600000000002,1.11091,1,3.94
07.11.2016 00:10:57.619,1.1109700000000002,1.11093,1.69,1
07.11.2016 00:10:57.924,1.11095,1.1109200000000001,2.25,1
07.11.2016 00:10:58.542,1.1109600000000002,1.1109200000000001,6,1
07.11.2016 00:10:59.133,1.11095,1.1109200000000001,1.5,1
07.11.2016 00:10:59.640,1.1109600000000002,1.1109200000000001,1,1.5
07.11.2016 00:11:00.145,1.1109700000000002,1.11091,6.75,4.87
07.11.2016 00:11:00.650,1.1109600000000002,1.11091,3.37,1.12
07.11.2016 00:11:01.172,1.11095,1.1109,2.62,6.37
07.11.2016 00:11:01.683,1.11095,1.1109,3,10.87
07.11.2016 00:11:02.189,1.11095,1.1109200000000001,3.37,1
07.11.2016 00:11:02.531,1.11099,1.1109600000000002,1,1
07.11.2016 00:11:03.039,1.111,1.1109600000000002,4.5,1
07.11.2016 00:11:03.726,1.1109600000000002,1.11095,1.5,3
07.11.2016 00:11:03.878,1.11095,1.11093,2.25,1
07.11.2016 00:11:03.980,1.1109600000000002,1.11091,4.87,3
07.11.2016 00:11:04.430,1.1109600000000002,1.11094,3.75,1.12
07.11.2016 00:11:04.937,1.11098,1.11094,1.19,6.45
07.11.2016 00:11:06.134,1.11095,1.11094,1,4.2
07.11.2016 00:11:06.540,1.11095,1.11091,3,1
07.11.2016 00:11:07.250,1.11095,1.1109,7.12,5.25
07.11.2016 00:11:07.940,1.11095,1.11091,6,1
07.11.2016 00:11:08.655,1.11095,1.11091,7.12,1
07.11.2016 00:11:09.211,1.11094,1.1109,1,4.87
07.11.2016 00:11:09.965,1.11095,1.1109,10.12,5.62
07.11.2016 00:11:10.482,1.11094,1.1109,1.12,5.25
07.11.2016 00:11:11.592,1.11095,1.1109,9.37,4.87
07.11.2016 00:11:12.098,1.11095,1.1109,6.37,3
07.11.2016 00:11:12.608,1.11095,1.1109,5.25,5.25
07.11.2016 00:11:15.586,1.11094,1.1109,3.75,1
07.11.2016 00:11:16.092,1.11094,1.11089,4.87,10.12
07.11.2016 00:11:16.987,1.11095,1.1109,3.75,1
07.11.2016 00:11:17.569,1.1109600000000002,1.1109,13.69,4.12
07.11.2016 00:11:18.187,1.1109600000000002,1.11091,9.56,1
07.11.2016 00:11:19.454,1.11094,1.11091,1,1
07.11.2016 00:11:19.982,1.11095,1.11091,3,1
07.11.2016 00:11:20.212,1.11095,1.11091,3.19,1
07.11.2016 00:11:22.239,1.11094,1.1109,3.56,2.25
07.11.2016 00:11:22.744,1.11094,1.11089,6.56,16.12
07.11.2016 00:11:24.187,1.11089,1.11088,1.25,7.12
07.11.2016 00:11:24.431,1.11084,1.1108200000000001,3.56,6
07.11.2016 00:11:24.735,1.11084,1.1108,2.81,1.87
07.11.2016 00:11:25.342,1.1108500000000001,1.11081,7.69,1
07.11.2016 00:11:28.430,1.11084,1.1108,1.25,2.25
07.11.2016 00:11:28.962,1.11084,1.11081,2.44,1.5
07.11.2016 00:11:30.240,1.1108500000000001,1.1108200000000001,6.19,1
07.11.2016 00:11:32.673,1.1108500000000001,1.11084,2.25,1.5
07.11.2016 00:11:32.979,1.1108500000000001,1.1108200000000001,2.44,1.5
07.11.2016 00:11:33.486,1.11084,1.1108200000000001,2.25,1.5
07.11.2016 00:11:35.949,1.11084,1.11081,1,1.87
07.11.2016 00:11:36.789,1.11081,1.1108,1.5,4.12
07.11.2016 00:11:36.993,1.11077,1.11074,2.25,1.87
07.11.2016 00:11:37.161,1.1107500000000001,1.11073,1,2.25
07.11.2016 00:11:37.670,1.1107500000000001,1.11071,2.44,4.42
07.11.2016 00:11:39.206,1.11074,1.11071,1.69,1.12
07.11.2016 00:11:39.733,1.11074,1.11071,1.25,1.5
07.11.2016 00:11:42.085,1.11074,1.11069,6.19,18.37
07.11.2016 00:11:42.136,1.11074,1.11071,4.69,1.12
07.11.2016 00:11:42.686,1.11073,1.11071,2.25,1.5
07.11.2016 00:11:43.211,1.11074,1.11071,2.81,1.5
07.11.2016 00:11:48.243,1.1107500000000001,1.11071,4.69,2.25
07.11.2016 00:11:48.786,1.1107500000000001,1.1107200000000002,2.44,1.12
07.11.2016 00:11:49.388,1.11074,1.11071,1.69,2.62
07.11.2016 00:11:49.541,1.1107500000000001,1.1107200000000002,4.69,1
07.11.2016 00:11:49.592,1.1107500000000001,1.11074,3.94,1
07.11.2016 00:11:49.795,1.11079,1.11074,5.81,8.62
07.11.2016 00:11:50.302,1.11079,1.1107500000000001,6.94,1.12
07.11.2016 00:11:50.992,1.11079,1.11073,9.94,16.87
07.11.2016 00:11:51.600,1.1107799999999999,1.11073,4.69,6
07.11.2016 00:11:52.679,1.1107500000000001,1.11073,1,5.25
07.11.2016 00:11:53.204,1.11074,1.11073,2.25,1
07.11.2016 00:11:53.839,1.1107500000000001,1.11073,8.44,1
07.11.2016 00:11:55.982,1.1107500000000001,1.1107200000000002,2.25,1.5
07.11.2016 00:11:56.490,1.1107500000000001,1.1107200000000002,3.56,1.5
07.11.2016 00:11:57.187,1.1107500000000001,1.11073,3.56,1
07.11.2016 00:11:57.434,1.1107799999999999,1.11074,1.69,6.52
07.11.2016 00:11:57.980,1.1107799999999999,1.11073,3.19,5.62
07.11.2016 00:11:58.083,1.11077,1.1107600000000002,1.25,1
07.11.2016 00:11:58.235,1.11079,1.11077,5.06,2.25
07.11.2016 00:11:58.748,1.11079,1.11077,5.06,1.5
07.11.2016 00:12:00.370,1.1108,1.11079,5.25,1.5
07.11.2016 00:12:00.710,1.11083,1.11081,3.19,1
07.11.2016 00:12:01.165,1.11088,1.1108600000000002,14.44,1
07.11.2016 00:12:01.317,1.11089,1.11088,2.06,1
07.11.2016 00:12:01.886,1.11089,1.11087,1.69,1
07.11.2016 00:12:03.541,1.11087,1.1108500000000001,1.69,3
07.11.2016 00:12:03.592,1.11087,1.11084,1.69,2.25
07.11.2016 00:12:04.109,1.1108600000000002,1.11083,1.69,2.25
07.11.2016 00:12:06.090,1.11087,1.11084,2.44,1.5
07.11.2016 00:12:06.841,1.11087,1.11083,1.69,4.12
07.11.2016 00:12:07.384,1.11087,1.11084,1.69,1.12
07.11.2016 00:12:07.912,1.11087,1.11083,2.06,6
07.11.2016 00:12:10.835,1.11087,1.11084,2.44,1
07.11.2016 00:12:11.544,1.11089,1.1108600000000002,3.56,1
07.11.2016 00:12:11.636,1.11089,1.1108600000000002,3.19,1
07.11.2016 00:12:12.435,1.11089,1.1108500000000001,3.19,4.12
07.11.2016 00:12:12.986,1.11088,1.1108500000000001,1.25,4.12
07.11.2016 00:12:17.085,1.1108600000000002,1.1108500000000001,1.25,1.12
07.11.2016 00:12:17.136,1.1108600000000002,1.11083,1.25,4.5
07.11.2016 00:12:18.239,1.1108600000000002,1.1108200000000001,1.31,4.5
07.11.2016 00:12:19.636,1.11084,1.1108200000000001,1,3
07.11.2016 00:12:20.944,1.11084,1.11081,1.12,3.37
07.11.2016 00:12:21.324,1.1108500000000001,1.11083,1.87,2.25
07.11.2016 00:12:26.604,1.1108500000000001,1.11084,1,4.12
07.11.2016 00:12:26.909,1.11087,1.1108500000000001,3.94,1.5
07.11.2016 00:12:27.412,1.1108500000000001,1.11084,1,4.12
07.11.2016 00:12:29.749,1.11084,1.11083,1,1
07.11.2016 00:12:30.285,1.11084,1.1108200000000001,1,2.25
07.11.2016 00:12:31.044,1.11084,1.11081,1,4.12
07.11.2016 00:12:32.197,1.1108,1.11079,1,7.12
07.11.2016 00:12:32.349,1.11079,1.1107600000000002,1.25,1.12
07.11.2016 00:12:32.855,1.11081,1.11077,3.56,2.62
07.11.2016 00:12:33.109,1.11083,1.11079,3.75,2.62
07.11.2016 00:12:33.514,1.11084,1.1108,1.12,3.75
07.11.2016 00:12:34.059,1.11084,1.1108,1,4.87
07.11.2016 00:12:38.474,1.11084,1.1108,1.5,3.37
07.11.2016 00:12:38.985,1.11084,1.1108,2.25,1.12
07.11.2016 00:12:39.485,1.1108,1.11079,1.69,5.32
07.11.2016 00:12:39.587,1.1108,1.11077,1.69,1
07.11.2016 00:12:39.891,1.1108,1.1107500000000001,1.69,4.87
07.11.2016 00:12:41.865,1.11077,1.11073,1,7.5
07.11.2016 00:12:42.119,1.11079,1.1107500000000001,1,3.75
07.11.2016 00:12:42.733,1.11079,1.1107500000000001,1,4.5
07.11.2016 00:12:47.039,1.1108,1.1107600000000002,2.44,1.87
07.11.2016 00:12:49.689,1.1108,1.1107600000000002,1.5,1.87
07.11.2016 00:12:52.066,1.1108,1.11079,1.12,1.87
07.11.2016 00:12:52.118,1.11081,1.1108,2.25,3.75
07.11.2016 00:12:52.472,1.11084,1.1108,1.5,6.37
07.11.2016 00:12:53.064,1.1108500000000001,1.1108,3,5.62
07.11.2016 00:12:53.784,1.1108500000000001,1.11081,4.5,1.12
07.11.2016 00:12:54.189,1.1108,1.1107799999999999,1,14.25
07.11.2016 00:12:54.240,1.1107799999999999,1.1107600000000002,2.12,2.62
07.11.2016 00:12:54.357,1.11077,1.1107600000000002,1.12,1
07.11.2016 00:12:54.459,1.1107500000000001,1.11074,1,2.25
07.11.2016 00:12:54.561,1.11074,1.11073,1,1
07.11.2016 00:12:54.663,1.11074,1.1107,1.37,3
07.11.2016 00:12:55.169,1.1107500000000001,1.1107,3.37,3
07.11.2016 00:12:56.469,1.1107500000000001,1.11071,1.87,1.5
07.11.2016 00:12:56.983,1.11074,1.1107,1.12,3
07.11.2016 00:12:57.034,1.11074,1.1107,1.12,2.25
07.11.2016 00:13:00.049,1.11074,1.1107,1,6.75
07.11.2016 00:13:01.262,1.1107500000000001,1.11071,3,2.62
07.11.2016 00:13:01.728,1.1107500000000001,1.11073,1.5,1
07.11.2016 00:13:02.266,1.11074,1.1107200000000002,1.25,1.12
07.11.2016 00:13:02.570,1.1107600000000002,1.1107500000000001,1,1
07.11.2016 00:13:02.825,1.11074,1.11071,1.25,3.75
07.11.2016 00:13:15.433,1.11074,1.11071,1.31,1.5
07.11.2016 00:13:19.265,1.1107500000000001,1.11074,2.25,3.9
07.11.2016 00:13:19.417,1.1107600000000002,1.1107500000000001,1,1
07.11.2016 00:13:19.670,1.1107799999999999,1.1107500000000001,1.87,4.87
07.11.2016 00:13:19.721,1.11079,1.11077,7.69,1
07.11.2016 00:13:20.227,1.11079,1.1107600000000002,1.69,1.87
07.11.2016 00:13:22.097,1.11079,1.11077,1.69,1
07.11.2016 00:13:24.535,1.1108,1.1107600000000002,3,5.62
07.11.2016 00:13:27.613,1.1108,1.1107600000000002,3.75,3
07.11.2016 00:13:34.680,1.1108,1.1107600000000002,1.5,4.87
07.11.2016 00:13:37.856,1.1108,1.11077,1.5,1.12
07.11.2016 00:13:38.184,1.11081,1.11079,3.75,4.5
07.11.2016 00:13:38.510,1.1108500000000001,1.11083,1,3.94
07.11.2016 00:13:38.561,1.1108600000000002,1.11084,1.5,12.75
07.11.2016 00:13:38.612,1.11089,1.1108600000000002,2.62,1
07.11.2016 00:13:38.663,1.11089,1.1108600000000002,1.5,1
07.11.2016 00:13:41.742,1.1108600000000002,1.1108500000000001,2.62,3.37
07.11.2016 00:13:41.945,1.1108600000000002,1.1108200000000001,4.5,1.5
07.11.2016 00:13:42.531,1.1108500000000001,1.1108200000000001,1,1.12
07.11.2016 00:13:43.138,1.1108600000000002,1.11081,6,3.37
07.11.2016 00:13:44.950,1.1108500000000001,1.11081,1.37,3.37
07.11.2016 00:13:45.490,1.1108500000000001,1.11081,3.75,2.62
07.11.2016 00:13:46.871,1.1108500000000001,1.11081,3,1.12
07.11.2016 00:13:47.838,1.1108500000000001,1.1108200000000001,1,1
07.11.2016 00:13:48.348,1.1108600000000002,1.1108500000000001,2.25,1
07.11.2016 00:13:48.501,1.11088,1.1108500000000001,1.69,2.25
07.11.2016 00:13:49.006,1.11088,1.1108600000000002,1.19,1
07.11.2016 00:13:49.512,1.1108600000000002,1.1108500000000001,1.5,1.87
07.11.2016 00:13:49.664,1.11084,1.11083,1,1.25
07.11.2016 00:13:49.918,1.1108,1.11077,3.56,1
07.11.2016 00:13:50.082,1.1108,1.11079,2.06,3
07.11.2016 00:13:50.236,1.11084,1.1108,3.37,1.5
07.11.2016 00:13:50.338,1.11084,1.1108,1.87,2.62
07.11.2016 00:13:50.844,1.1108500000000001,1.11081,1.5,1
07.11.2016 00:13:53.546,1.11083,1.11081,1.5,1
07.11.2016 00:13:53.597,1.1108200000000001,1.11079,1.5,1.12
07.11.2016 00:13:54.103,1.11081,1.1107799999999999,1.12,1
07.11.2016 00:13:55.896,1.1108200000000001,1.11077,5.25,1.12
07.11.2016 00:13:57.341,1.11079,1.11077,1,1.12
07.11.2016 00:13:57.645,1.1107500000000001,1.1107200000000002,7.5,1.12
07.11.2016 00:13:57.696,1.1107500000000001,1.1107,8.62,3.56
07.11.2016 00:13:57.771,1.1107200000000002,1.1107,1,1.12
07.11.2016 00:13:58.279,1.11073,1.11071,1,1.87
07.11.2016 00:14:00.173,1.11074,1.11071,1,2.62
07.11.2016 00:14:00.484,1.1107600000000002,1.11073,1,1.12
07.11.2016 00:14:00.788,1.11077,1.1107500000000001,1,2.25
07.11.2016 00:14:01.093,1.1107600000000002,1.11073,2.25,1.87
07.11.2016 00:14:01.245,1.11073,1.1107200000000002,1,1
07.11.2016 00:14:03.030,1.11073,1.1107,1,2.62
07.11.2016 00:14:03.535,1.11074,1.11071,1,1.12
07.11.2016 00:14:06.786,1.1107500000000001,1.11074,1.5,1
07.11.2016 00:14:06.938,1.1107799999999999,1.11074,1.87,6
07.11.2016 00:14:07.435,1.1107500000000001,1.11073,1.87,2.25
07.11.2016 00:14:07.742,1.11074,1.1107,1,4.5
07.11.2016 00:14:08.401,1.1107500000000001,1.1107,1,4.5
07.11.2016 00:14:10.119,1.11074,1.1107,1,3.75
07.11.2016 00:14:11.143,1.1107500000000001,1.1107,1.5,2.25
07.11.2016 00:14:11.526,1.11074,1.1107,1.37,2.25
07.11.2016 00:14:15.883,1.1107500000000001,1.11071,4.12,1
07.11.2016 00:14:16.387,1.1107500000000001,1.1107,4.12,1.5
07.11.2016 00:14:16.791,1.1107500000000001,1.11074,3,3.37
07.11.2016 00:14:16.943,1.1107799999999999,1.11074,1.19,6.75
07.11.2016 00:14:17.146,1.1107500000000001,1.11073,1.12,1.87
07.11.2016 00:14:17.450,1.11074,1.1107,1.12,3.75
07.11.2016 00:14:18.143,1.1107500000000001,1.11071,1.37,3.37
07.11.2016 00:14:18.688,1.1107600000000002,1.11071,2.25,2.62
07.11.2016 00:14:18.840,1.11073,1.1107,1.5,2.25
07.11.2016 00:14:18.891,1.11071,1.11069,3.37,1
07.11.2016 00:14:18.943,1.11067,1.11066,2.25,4.87
07.11.2016 00:14:19.045,1.11069,1.1106500000000001,4.87,1
07.11.2016 00:14:19.552,1.11069,1.11066,1,1
07.11.2016 00:14:23.377,1.11069,1.11066,1.87,1
07.11.2016 00:14:23.883,1.11069,1.1106500000000001,1.87,3.75
07.11.2016 00:14:28.879,1.11068,1.1106500000000001,1,4.12
07.11.2016 00:14:35.304,1.11066,1.1106500000000001,1.5,1.87
07.11.2016 00:14:35.407,1.11064,1.1106200000000002,1,1.72
07.11.2016 00:14:35.913,1.11064,1.1106,1.37,2.25
07.11.2016 00:14:36.437,1.11064,1.11059,1,18.79
07.11.2016 00:14:37.763,1.1106500000000001,1.11059,4.5,18.04
07.11.2016 00:14:38.288,1.1106500000000001,1.11059,4.5,18.41
07.11.2016 00:14:38.837,1.11063,1.11061,4.31,1
07.11.2016 00:14:38.938,1.11063,1.11059,2.44,3.75
07.11.2016 00:14:39.141,1.1106500000000001,1.11059,8.25,14.62
07.11.2016 00:14:40.466,1.11067,1.11064,7.12,1.2
07.11.2016 00:14:40.568,1.11067,1.11064,1.5,4.27
07.11.2016 00:14:40.973,1.11066,1.11061,2.81,6
07.11.2016 00:14:41.023,1.11066,1.11061,3.56,1.5
07.11.2016 00:14:41.585,1.11066,1.11061,3.56,1.5
07.11.2016 00:14:41.790,1.11063,1.11061,1.12,1.5
07.11.2016 00:14:41.993,1.1106,1.11056,6.56,1.5
07.11.2016 00:14:42.498,1.1106,1.1105500000000001,3.37,2.25
07.11.2016 00:14:43.685,1.1106,1.1105500000000001,1,3
07.11.2016 00:14:44.190,1.1106,1.1105500000000001,10.74,1.5
07.11.2016 00:14:44.699,1.1106,1.1105500000000001,7.05,3
07.11.2016 00:14:45.318,1.11059,1.1105500000000001,1.12,1.5
07.11.2016 00:14:46.786,1.1106,1.11056,6.3,1
07.11.2016 00:14:48.225,1.1106,1.1105500000000001,6.3,2.62
07.11.2016 00:14:48.737,1.1106,1.11056,5.18,1
07.11.2016 00:14:50.024,1.1106,1.1105500000000001,10.93,1
07.11.2016 00:14:50.473,1.11057,1.11053,1,5.25
07.11.2016 00:14:50.777,1.1105500000000001,1.11051,1,1.12
07.11.2016 00:14:51.384,1.1105500000000001,1.1105,2.62,3
07.11.2016 00:14:51.688,1.11057,1.1105500000000001,1.5,1.37
07.11.2016 00:14:51.841,1.1106200000000002,1.1106,1.12,1
07.11.2016 00:14:52.362,1.1106500000000001,1.11059,8.81,6.82
07.11.2016 00:14:54.434,1.11064,1.11059,1.25,12.07
07.11.2016 00:14:54.861,1.11066,1.11061,4.87,1.12
07.11.2016 00:14:55.529,1.11064,1.1106,2.25,3.37
07.11.2016 00:14:55.832,1.1106,1.11056,1.5,1
07.11.2016 00:14:56.338,1.11061,1.1105500000000001,5.81,4.5
07.11.2016 00:14:56.965,1.1106,1.1105500000000001,1.5,3
07.11.2016 00:14:57.485,1.1106,1.1105500000000001,4.61,1.5
07.11.2016 00:14:58.737,1.11059,1.1105500000000001,1.37,1
07.11.2016 00:14:59.154,1.1106,1.1105500000000001,4.99,1
07.11.2016 00:14:59.714,1.1106,1.1105500000000001,6.54,1
07.11.2016 00:15:00.288,1.11059,1.1105500000000001,2.62,1.5
07.11.2016 00:15:00.794,1.11059,1.1105500000000001,2.25,1.12
07.11.2016 00:15:02.542,1.11058,1.1105500000000001,1,1.12
07.11.2016 00:15:02.646,1.11056,1.1105500000000001,1,1.12
07.11.2016 00:15:02.748,1.11056,1.11053,8.81,2.44
07.11.2016 00:15:02.850,1.11054,1.11051,1.37,1
07.11.2016 00:15:03.255,1.1105500000000001,1.11051,5.25,1
07.11.2016 00:15:04.695,1.1105500000000001,1.11049,5.25,13.87
07.11.2016 00:15:05.555,1.1105500000000001,1.11049,6,10.5
07.11.2016 00:15:06.805,1.1105500000000001,1.11049,4.5,11.25
07.11.2016 00:15:07.312,1.1105500000000001,1.11049,3.75,15
07.11.2016 00:15:09.481,1.1105200000000002,1.11051,1,1.12
07.11.2016 00:15:09.990,1.1105500000000001,1.1105,3,4.12
07.11.2016 00:15:10.501,1.1105500000000001,1.11051,1.12,1.12
07.11.2016 00:15:13.089,1.1105500000000001,1.11051,1,1.5
07.11.2016 00:15:13.633,1.11056,1.11053,2.44,4.87
07.11.2016 00:15:13.785,1.11058,1.11054,1.5,8.06
07.11.2016 00:15:13.937,1.11056,1.11053,1,1.87
07.11.2016 00:15:14.190,1.11056,1.11051,7.12,1.12
07.11.2016 00:15:14.698,1.1105500000000001,1.11051,2.62,2.25
07.11.2016 00:15:15.204,1.11056,1.1105,6.75,3
07.11.2016 00:15:15.717,1.11056,1.11051,2.25,3
07.11.2016 00:15:18.035,1.1105500000000001,1.11051,1.87,2.25
07.11.2016 00:15:18.440,1.11056,1.11051,8.25,1.5
07.11.2016 00:15:18.987,1.11056,1.1105,10.5,3.37
07.11.2016 00:15:20.016,1.11056,1.11054,3.75,1
07.11.2016 00:15:20.219,1.11058,1.11054,1.87,7.2
07.11.2016 00:15:21.625,1.11056,1.11053,1.5,6.37
07.11.2016 00:15:22.534,1.11057,1.11053,4.5,1.12
07.11.2016 00:15:23.731,1.11056,1.11051,3,2.25
07.11.2016 00:15:26.830,1.11057,1.11054,3,4.12
07.11.2016 00:15:26.932,1.11059,1.1105500000000001,7.12,1.5
07.11.2016 00:15:27.446,1.11059,1.11054,1,6.6
07.11.2016 00:15:29.132,1.11058,1.11054,1.5,1.57
07.11.2016 00:15:29.285,1.11056,1.1105200000000002,1,3
07.11.2016 00:15:29.590,1.11058,1.1105500000000001,2.25,1
07.11.2016 00:15:30.125,1.11058,1.1105500000000001,1.5,4.12
07.11.2016 00:15:30.631,1.1106,1.11054,3.86,12.56
07.11.2016 00:15:31.138,1.1106,1.1105500000000001,3.86,4.87
07.11.2016 00:15:31.687,1.1106,1.11056,2.36,2.25
07.11.2016 00:15:35.791,1.11061,1.11059,3.7,2.5
07.11.2016 00:15:35.943,1.11064,1.1106,2.25,1.87
07.11.2016 00:15:36.451,1.1106500000000001,1.11061,1.87,3
07.11.2016 00:15:36.957,1.11066,1.11064,2.25,4.12
07.11.2016 00:15:37.059,1.11067,1.11064,1,7.12
07.11.2016 00:15:38.075,1.11066,1.1106200000000002,1,1.87
07.11.2016 00:15:38.378,1.1106500000000001,1.1106200000000002,1.11,1.12
07.11.2016 00:15:41.935,1.11066,1.11064,4.96,1.5
07.11.2016 00:15:42.139,1.11068,1.11066,1,1.12
07.11.2016 00:15:44.184,1.1107,1.11066,1.87,1.87
07.11.2016 00:15:45.438,1.1107,1.11066,1.5,1.5
07.11.2016 00:15:45.983,1.11071,1.11066,5.06,4.12
07.11.2016 00:15:46.885,1.1107,1.11066,2.14,3.37
07.11.2016 00:15:47.089,1.1106500000000001,1.1106200000000002,1,1.5
07.11.2016 00:15:47.617,1.1106500000000001,1.1106,1.12,4.87
07.11.2016 00:15:48.435,1.1106500000000001,1.11061,1.87,3
07.11.2016 00:15:48.537,1.11066,1.11064,2.25,3.37
07.11.2016 00:15:48.588,1.11067,1.11064,1.87,6.37
07.11.2016 00:15:48.765,1.1106500000000001,1.11064,1,4.5
07.11.2016 00:15:48.919,1.1106500000000001,1.11061,1,1
07.11.2016 00:15:49.427,1.11066,1.1106200000000002,2.62,1.12
07.11.2016 00:15:50.534,1.11067,1.11064,2.25,1.65
07.11.2016 00:15:50.788,1.11069,1.11064,4.72,6.75
07.11.2016 00:15:51.045,1.11067,1.1106200000000002,1.5,1.5
07.11.2016 00:15:51.905,1.11067,1.1106200000000002,2.25,1.87
07.11.2016 00:15:53.920,1.1106500000000001,1.11061,1.5,1.5
07.11.2016 00:15:54.428,1.1106500000000001,1.1106,1.87,3.37
07.11.2016 00:15:54.893,1.11067,1.11064,1.5,4.65
07.11.2016 00:15:55.378,1.1106500000000001,1.11061,1.87,1.12
07.11.2016 00:15:55.890,1.11066,1.11061,9.94,1
07.11.2016 00:15:58.935,1.1106200000000002,1.1106,1,1.87
07.11.2016 00:15:59.036,1.11061,1.11059,1,5.25
07.11.2016 00:15:59.188,1.11061,1.11057,1.87,1
07.11.2016 00:15:59.847,1.11061,1.11056,7.87,1.5
07.11.2016 00:16:00.256,1.1106,1.11058,1.5,5.62
07.11.2016 00:16:00.408,1.11064,1.11059,2.44,11.14
07.11.2016 00:16:00.459,1.1106500000000001,1.11061,7.8,1
07.11.2016 00:16:00.611,1.11066,1.11061,2.25,4.87
07.11.2016 00:16:00.914,1.11066,1.11061,1,7.12
07.11.2016 00:16:01.420,1.11066,1.11064,1,1
07.11.2016 00:16:01.623,1.11068,1.11063,3,2.14
07.11.2016 00:16:01.722,1.11066,1.11063,4.5,1.5
07.11.2016 00:16:01.871,1.11066,1.1106200000000002,8.44,1
07.11.2016 00:16:02.377,1.11066,1.1106200000000002,1.5,3.75
07.11.2016 00:16:02.881,1.11067,1.1106200000000002,3.37,4.12
07.11.2016 00:16:02.982,1.1106500000000001,1.1106200000000002,1.12,3.37
07.11.2016 00:16:03.135,1.1106500000000001,1.11061,6,2.62
07.11.2016 00:16:03.288,1.11061,1.11059,1.12,1.87
07.11.2016 00:16:03.441,1.1106,1.11057,2.4,2.25
07.11.2016 00:16:03.964,1.1106,1.11056,2.77,1.12
07.11.2016 00:16:04.485,1.1106,1.11056,4.65,1.5
07.11.2016 00:16:07.936,1.1105200000000002,1.11051,1.5,8.06
07.11.2016 00:16:07.986,1.11053,1.1105200000000002,2.62,5.81
07.11.2016 00:16:08.037,1.1105200000000002,1.11051,1.12,1
07.11.2016 00:16:08.240,1.11054,1.1105,1,3.56
07.11.2016 00:16:08.769,1.1105500000000001,1.1105200000000002,1.5,1.87
07.11.2016 00:16:08.820,1.1105500000000001,1.11054,1.5,3
07.11.2016 00:16:08.871,1.11058,1.11054,1,11.06
07.11.2016 00:16:08.973,1.1106,1.1105500000000001,5.77,1
07.11.2016 00:16:09.075,1.11058,1.1105500000000001,1,1.12
07.11.2016 00:16:09.227,1.11056,1.1105200000000002,1,2.62
07.11.2016 00:16:09.278,1.11054,1.1105200000000002,3,1.5
07.11.2016 00:16:09.379,1.11053,1.11049,3,1.87
07.11.2016 00:16:09.633,1.1105,1.11048,1.12,1
07.11.2016 00:16:09.734,1.1105,1.1104500000000002,2.4,6.75
07.11.2016 00:16:10.264,1.1105,1.11046,1.65,1
07.11.2016 00:16:15.917,1.1105,1.1104500000000002,3.15,6.37
07.11.2016 00:16:17.705,1.1105,1.11046,3.15,1
07.11.2016 00:16:23.702,1.1105,1.11046,2.4,1.87
07.11.2016 00:16:29.891,1.1105,1.1104500000000002,4.27,6
07.11.2016 00:16:31.834,1.1105,1.11048,2.77,1
07.11.2016 00:16:32.290,1.11047,1.11046,1.5,1.5
07.11.2016 00:16:32.493,1.1104500000000002,1.1104200000000002,4.5,1
07.11.2016 00:16:32.544,1.11043,1.1104100000000001,1,3.37
07.11.2016 00:16:32.696,1.1104500000000002,1.1104100000000001,2.62,3.37
07.11.2016 00:16:35.489,1.11044,1.1104100000000001,1,1.87
07.11.2016 00:16:36.000,1.1104500000000002,1.1104100000000001,3,2.62
07.11.2016 00:16:36.528,1.1104500000000002,1.1104100000000001,3.25,1.87
07.11.2016 00:16:37.334,1.1104500000000002,1.1104100000000001,4,2.62
07.11.2016 00:16:38.496,1.11043,1.1104,3.75,3
07.11.2016 00:16:38.648,1.1104,1.11036,4.87,1
07.11.2016 00:16:38.699,1.11038,1.11035,3.75,1.5
07.11.2016 00:16:38.851,1.11038,1.11034,5.12,1.12
07.11.2016 00:16:39.054,1.1104,1.11036,2.25,1
07.11.2016 00:16:39.140,1.1104,1.11036,1.87,1.5
07.11.2016 00:16:39.647,1.1104100000000001,1.11037,1.12,1
07.11.2016 00:16:43.266,1.1104200000000002,1.11037,1.5,2.62
07.11.2016 00:16:44.135,1.11044,1.11039,1.87,10.5
07.11.2016 00:16:44.672,1.1104500000000002,1.1104,1.87,2.81
07.11.2016 00:16:45.135,1.11043,1.1104,1.5,1
07.11.2016 00:16:45.641,1.1104200000000002,1.11038,1,2.25
07.11.2016 00:16:46.156,1.1104100000000001,1.11038,1,1.5
07.11.2016 00:16:46.887,1.1104200000000002,1.11038,1.5,1.5
07.11.2016 00:16:47.629,1.1104100000000001,1.11038,1,1.5
07.11.2016 00:16:47.782,1.1104,1.11036,1,2.62
07.11.2016 00:16:48.353,1.1104,1.11036,1.12,1
07.11.2016 00:16:57.084,1.1104,1.11035,1.87,8.62
07.11.2016 00:16:57.634,1.1104,1.11035,1.87,6.37
07.11.2016 00:16:57.735,1.1104100000000001,1.11039,3,2.25
07.11.2016 00:16:57.887,1.11043,1.11039,3.37,3.75
07.11.2016 00:16:58.040,1.11044,1.1104,1.12,1
07.11.2016 00:16:58.577,1.11043,1.11039,1,4.12
07.11.2016 00:16:59.082,1.11043,1.11039,1.12,1.12
07.11.2016 00:17:00.886,1.11043,1.11039,5.25,1
07.11.2016 00:17:01.689,1.11043,1.11038,3.75,2.25
07.11.2016 00:17:02.191,1.11044,1.1104,2.62,1.12
07.11.2016 00:17:02.647,1.1104500000000002,1.1104100000000001,1.5,1.5
07.11.2016 00:17:03.152,1.11046,1.1104100000000001,4.41,2.25
07.11.2016 00:17:07.414,1.11046,1.11044,1.87,1.5
07.11.2016 00:17:07.618,1.1105,1.11047,3,1
07.11.2016 00:17:09.788,1.1105,1.11046,1.65,2.62
07.11.2016 00:17:10.688,1.1105,1.11046,3.9,1.87
07.11.2016 00:17:15.933,1.11049,1.11046,1,1.5
07.11.2016 00:17:16.435,1.1105,1.11047,1.65,1.5
07.11.2016 00:17:17.135,1.1105,1.11049,1.65,1.5
07.11.2016 00:17:17.357,1.11051,1.11049,3.75,1
07.11.2016 00:17:17.459,1.1105,1.11046,1.12,4.5
07.11.2016 00:17:21.424,1.1105,1.1104500000000002,5.62,2.62
07.11.2016 00:17:22.399,1.1105,1.11046,5.4,1
07.11.2016 00:17:22.921,1.1105,1.11046,3.9,3.37
07.11.2016 00:17:27.642,1.1105,1.11049,3.15,1
07.11.2016 00:17:28.165,1.1105,1.11048,3.15,1.12
07.11.2016 00:17:28.684,1.1105,1.11046,2.02,2.25
07.11.2016 00:17:30.323,1.1105,1.11048,3.15,1
07.11.2016 00:17:30.545,1.1105200000000002,1.11049,2.1,9.75
07.11.2016 00:17:30.799,1.11051,1.11047,3,1.5
07.11.2016 00:17:30.900,1.11051,1.11046,11.62,1.87
07.11.2016 00:17:34.190,1.1105,1.11049,1.87,1
07.11.2016 00:17:34.595,1.1105,1.1104500000000002,3,6.75
07.11.2016 00:17:34.646,1.1105,1.1104500000000002,3.75,6.37
07.11.2016 00:17:35.151,1.11051,1.1104500000000002,10.12,10.87
07.11.2016 00:17:36.082,1.1105,1.1104500000000002,3.75,4.12
07.11.2016 00:17:36.639,1.1105,1.11046,3,1.37
07.11.2016 00:17:38.648,1.11049,1.11046,2.25,1.37
07.11.2016 00:17:38.987,1.11051,1.11049,12.75,3.25
07.11.2016 00:17:39.533,1.11051,1.11049,3,6.75
07.11.2016 00:17:39.855,1.1105200000000002,1.11049,8.25,9.37
07.11.2016 00:17:40.007,1.1105200000000002,1.11049,7.87,9
07.11.2016 00:17:40.159,1.1105200000000002,1.1105,7.87,2.62
07.11.2016 00:17:40.412,1.1105200000000002,1.11049,7.87,9
07.11.2016 00:17:41.586,1.11051,1.1105,1,1
07.11.2016 00:17:41.790,1.11048,1.1104500000000002,2.25,8.06
07.11.2016 00:17:41.842,1.11048,1.1104500000000002,2.25,4.69
07.11.2016 00:17:42.360,1.11048,1.1104500000000002,2.25,3.56
07.11.2016 00:17:43.287,1.11048,1.1104500000000002,2.25,6.19
07.11.2016 00:17:43.902,1.11048,1.1104500000000002,1,3.56
07.11.2016 00:17:44.986,1.11048,1.1104500000000002,1,4.5
07.11.2016 00:17:45.937,1.11048,1.1104500000000002,2.25,1.12
07.11.2016 00:17:48.082,1.1105,1.11048,10.87,3.75
07.11.2016 00:17:48.285,1.1105200000000002,1.11051,1.25,1
07.11.2016 00:17:48.791,1.11053,1.11051,1.5,1.87
07.11.2016 00:17:49.642,1.1105200000000002,1.11051,1,1.12
07.11.2016 00:17:52.403,1.11053,1.1105,1.5,10.87
07.11.2016 00:17:52.910,1.1105200000000002,1.1105,1.5,1.87
07.11.2016 00:17:54.790,1.11053,1.1105,2.25,7.87
07.11.2016 00:17:59.742,1.11054,1.1105,4.12,10.12
07.11.2016 00:18:01.785,1.11053,1.1105,1,2.99
07.11.2016 00:18:02.035,1.1105500000000001,1.11053,9.75,3
07.11.2016 00:18:02.138,1.11057,1.11054,3.75,5.25
07.11.2016 00:18:02.189,1.1106,1.11058,12.37,1.5
07.11.2016 00:18:02.241,1.1106,1.11058,4.87,3
07.11.2016 00:18:02.343,1.11061,1.11057,3.37,3
07.11.2016 00:18:02.801,1.11059,1.11058,2.25,1
07.11.2016 00:18:02.903,1.11059,1.11056,2.25,3
07.11.2016 00:18:03.156,1.1106,1.11058,1,2.4
07.11.2016 00:18:03.325,1.11063,1.11059,4.12,2.62
07.11.2016 00:18:03.680,1.11064,1.11059,8.06,7.12
07.11.2016 00:18:04.893,1.1106500000000001,1.1106,1.12,11.25
07.11.2016 00:18:05.048,1.1106500000000001,1.11064,1.12,1.5
07.11.2016 00:18:05.251,1.11068,1.1106500000000001,1.5,4.5
07.11.2016 00:18:05.619,1.11069,1.11067,1,2.25
07.11.2016 00:18:05.721,1.1107,1.11067,1,2.62
07.11.2016 00:18:06.383,1.11069,1.11066,1,3.37
07.11.2016 00:18:07.621,1.1107,1.11067,1.12,1.87
07.11.2016 00:18:08.138,1.1107,1.11067,1.12,2.25
07.11.2016 00:18:09.347,1.11071,1.1107,1.12,4.5
07.11.2016 00:18:09.449,1.11073,1.1107,1.37,6.75
07.11.2016 00:18:09.652,1.11074,1.1107,1,11.62
07.11.2016 00:18:10.853,1.11074,1.1107,1,8.25
07.11.2016 00:18:11.709,1.1107600000000002,1.11073,3.75,1
07.11.2016 00:18:11.861,1.1107600000000002,1.1107500000000001,1,1.5
07.11.2016 00:18:11.912,1.1107799999999999,1.1107500000000001,1,4.5
07.11.2016 00:18:12.265,1.1107799999999999,1.1107600000000002,1,2.25
07.11.2016 00:18:12.316,1.1108,1.1107600000000002,1.5,4.12
07.11.2016 00:18:13.937,1.11081,1.1108,1.12,1.5
07.11.2016 00:18:14.139,1.11084,1.11081,1.87,1
07.11.2016 00:18:14.680,1.1108500000000001,1.11081,3,1.5
07.11.2016 00:18:14.885,1.1108200000000001,1.1108,1,11.62
07.11.2016 00:18:15.038,1.1108,1.1107799999999999,1,1.37
07.11.2016 00:18:15.141,1.1107799999999999,1.11074,1,3.75
07.11.2016 00:18:15.646,1.1108,1.1107600000000002,2.62,1.12
07.11.2016 00:18:16.152,1.1108,1.1107600000000002,1,1.87
07.11.2016 00:18:19.438,1.11081,1.1107600000000002,8.81,1.87
07.11.2016 00:18:20.634,1.1108,1.1107600000000002,1,1.87
07.11.2016 00:18:21.152,1.11081,1.1107600000000002,8.06,3.37
07.11.2016 00:18:21.385,1.11081,1.11079,7.12,1
07.11.2016 00:18:21.639,1.1108500000000001,1.1108,2.25,8.62
07.11.2016 00:18:22.145,1.11083,1.1108,1.5,9.75
07.11.2016 00:18:22.785,1.11084,1.1108,1,9.75
07.11.2016 00:18:26.173,1.11084,1.1108200000000001,1,1
07.11.2016 00:18:26.224,1.11084,1.11083,1,3.75
07.11.2016 00:18:26.376,1.1108500000000001,1.1108200000000001,1.25,3
07.11.2016 00:18:26.680,1.1108200000000001,1.1108,3,3
07.11.2016 00:18:26.782,1.11079,1.11077,1,2.25
07.11.2016 00:18:26.934,1.1107799999999999,1.1107500000000001,2.25,3.75
07.11.2016 00:18:26.985,1.1107600000000002,1.1107500000000001,2.25,1
07.11.2016 00:18:27.036,1.1107600000000002,1.11073,4.5,1.5
07.11.2016 00:18:27.087,1.11074,1.11073,1,1.5
07.11.2016 00:18:27.234,1.11074,1.11071,2.25,1.12
07.11.2016 00:18:30.938,1.1107600000000002,1.11073,2.25,1.62
07.11.2016 00:18:31.141,1.1107799999999999,1.1107500000000001,1.12,4.5
07.11.2016 00:18:31.600,1.1107799999999999,1.11077,1,1
07.11.2016 00:18:31.752,1.1108,1.11077,3,1
07.11.2016 00:18:32.258,1.11079,1.1107600000000002,1,1
07.11.2016 00:18:32.664,1.11081,1.1107600000000002,6,1
07.11.2016 00:18:33.938,1.11081,1.11077,1.87,1.12
07.11.2016 00:18:34.445,1.11081,1.1107600000000002,4.5,4.5
07.11.2016 00:18:34.619,1.1108,1.1107600000000002,1.87,2.25
07.11.2016 00:18:35.895,1.1108,1.11077,1.12,1
07.11.2016 00:18:36.351,1.1108200000000001,1.11079,3.75,3
07.11.2016 00:18:36.553,1.11084,1.1108,1.5,10.5
07.11.2016 00:18:37.059,1.11084,1.11081,1,1
07.11.2016 00:18:39.986,1.1108500000000001,1.11081,2.62,1.5
07.11.2016 00:18:40.154,1.1108500000000001,1.11083,2.62,1
07.11.2016 00:18:40.307,1.11087,1.1108600000000002,1,1
07.11.2016 00:18:40.409,1.11089,1.1108500000000001,1.12,8.25
07.11.2016 00:18:40.768,1.11091,1.1108500000000001,5.06,7.5
07.11.2016 00:18:41.287,1.1109,1.1108500000000001,1,7.5
07.11.2016 00:18:41.730,1.1108600000000002,1.1108500000000001,1.5,5.25
07.11.2016 00:18:41.882,1.1108500000000001,1.1108,1.5,7.12
07.11.2016 00:18:42.388,1.11084,1.1108,1,3
07.11.2016 00:18:44.081,1.1108500000000001,1.1108,3.75,3
07.11.2016 00:18:44.597,1.1108500000000001,1.11081,1.5,6
07.11.2016 00:18:44.850,1.11087,1.11083,1.87,1.12
07.11.2016 00:18:45.380,1.11088,1.11083,2.62,1.87
07.11.2016 00:18:46.985,1.11088,1.1108500000000001,1.12,2.25
07.11.2016 00:18:47.137,1.1109,1.1108500000000001,1.87,5.62
07.11.2016 00:18:47.238,1.11089,1.1108600000000002,2.25,1
07.11.2016 00:18:47.441,1.11088,1.11084,1.87,4.12
07.11.2016 00:18:47.986,1.11087,1.1108200000000001,1.12,3.75
07.11.2016 00:18:48.511,1.1108600000000002,1.1108200000000001,1,3.75
07.11.2016 00:18:49.017,1.1108500000000001,1.11081,1.37,1.5
07.11.2016 00:18:49.119,1.1108600000000002,1.11081,9,1.5
07.11.2016 00:18:49.642,1.1108500000000001,1.11081,1,1.5
07.11.2016 00:18:49.844,1.1108600000000002,1.1108500000000001,2.25,1
07.11.2016 00:18:50.098,1.1109,1.11087,1,1.12
07.11.2016 00:18:50.637,1.11091,1.1108600000000002,6,5.25
07.11.2016 00:18:51.102,1.11089,1.1108600000000002,1,2.62
07.11.2016 00:18:54.780,1.1109,1.11087,2.25,1
07.11.2016 00:18:55.287,1.1109,1.1108600000000002,1.5,3.37
07.11.2016 00:18:57.440,1.1109,1.1108600000000002,1.5,1.12
07.11.2016 00:18:58.505,1.11088,1.1108600000000002,1,1.12
07.11.2016 00:18:58.809,1.11091,1.11089,3.19,1
07.11.2016 00:18:59.336,1.1109200000000001,1.11089,10.31,1
07.11.2016 00:19:00.239,1.11091,1.11089,2.44,1
07.11.2016 00:19:00.780,1.11091,1.11089,1.12,1
07.11.2016 00:19:00.983,1.11091,1.11087,3.75,1.12
07.11.2016 00:19:03.882,1.11091,1.11089,3.75,2.25
07.11.2016 00:19:04.045,1.11091,1.11087,1,2.62
07.11.2016 00:19:05.638,1.11091,1.1109,1.87,1
07.11.2016 00:19:05.839,1.1109200000000001,1.11088,1.5,1.12
07.11.2016 00:19:06.345,1.1109200000000001,1.11088,1,1.12
07.11.2016 00:19:06.867,1.1109200000000001,1.11088,1.87,1
07.11.2016 00:19:07.589,1.1109,1.11087,1.37,1
07.11.2016 00:19:10.842,1.1109,1.11088,1.87,1
07.11.2016 00:19:10.945,1.11091,1.11089,1.12,1
07.11.2016 00:19:11.505,1.1109,1.11089,1,1
07.11.2016 00:19:12.493,1.11091,1.11089,2.25,1
07.11.2016 00:19:13.762,1.11091,1.1109,1.12,1.69
07.11.2016 00:19:14.287,1.1109200000000001,1.11089,3,1
07.11.2016 00:19:14.828,1.1109200000000001,1.11089,3.37,1
07.11.2016 00:19:15.662,1.1109200000000001,1.1109,1.87,4.69
07.11.2016 00:19:15.763,1.11094,1.1109200000000001,2.62,1.25
07.11.2016 00:19:16.320,1.11095,1.1109200000000001,1.12,2.44
07.11.2016 00:19:20.455,1.11095,1.11094,1.12,1.5
07.11.2016 00:19:20.987,1.1109600000000002,1.11093,3.75,1.5
07.11.2016 00:19:21.292,1.1109200000000001,1.11091,1,1.69
07.11.2016 00:19:21.798,1.11093,1.11091,3.75,1.25
07.11.2016 00:19:26.430,1.11095,1.11091,1.12,1.31
07.11.2016 00:19:29.710,1.1109600000000002,1.11091,7.12,2.06
07.11.2016 00:19:30.218,1.1109600000000002,1.11091,7.12,2.06
07.11.2016 00:19:31.067,1.11094,1.11091,1,1.12
07.11.2016 00:19:33.822,1.11095,1.11094,1.5,1
07.11.2016 00:19:33.874,1.1109600000000002,1.11095,3,5.25
07.11.2016 00:19:33.925,1.1109600000000002,1.11094,1.5,14.25
07.11.2016 00:19:34.095,1.11099,1.11095,1.5,10.06
07.11.2016 00:19:34.451,1.1109700000000002,1.11093,1,1.87
07.11.2016 00:19:34.754,1.1109600000000002,1.1109200000000001,2.25,2.25
07.11.2016 00:19:37.020,1.11094,1.1109200000000001,2.25,1
07.11.2016 00:19:37.324,1.1109,1.11088,2.25,1.37
07.11.2016 00:19:37.836,1.1109,1.11087,1.5,3
07.11.2016 00:19:38.534,1.11091,1.11087,2.25,1.5
07.11.2016 00:19:40.383,1.1109,1.11087,1,1.5
07.11.2016 00:19:41.793,1.1109,1.1108600000000002,6.37,1
07.11.2016 00:19:43.005,1.1109,1.1108600000000002,5.62,1
07.11.2016 00:19:43.535,1.1109,1.1108600000000002,6.37,1
07.11.2016 00:19:45.138,1.1109200000000001,1.1109,7.12,1
07.11.2016 00:19:45.240,1.11094,1.11091,6,2.25
07.11.2016 00:19:45.754,1.11094,1.11091,3,3.37
07.11.2016 00:19:48.455,1.11094,1.1109,1.87,6.75
07.11.2016 00:19:50.438,1.11094,1.11093,1.87,1
07.11.2016 00:19:50.946,1.11095,1.1109200000000001,1.5,2.25
07.11.2016 00:19:51.339,1.11094,1.1109,2.62,7.87
07.11.2016 00:19:55.434,1.11094,1.1109,7.5,5.62
07.11.2016 00:19:55.941,1.11094,1.1109,6,5.47
07.11.2016 00:19:58.087,1.11094,1.11091,4.5,1
07.11.2016 00:20:01.336,1.11095,1.11091,7.5,1
07.11.2016 00:20:02.036,1.11094,1.11091,1,1
07.11.2016 00:20:02.594,1.11095,1.11091,7.5,1
07.11.2016 00:20:03.588,1.11094,1.11091,1,1
07.11.2016 00:20:04.044,1.11094,1.11093,1.12,1
07.11.2016 00:20:04.394,1.1109700000000002,1.11095,1,2.25
07.11.2016 00:20:04.597,1.11095,1.11093,1,2.25
07.11.2016 00:20:05.104,1.11095,1.11094,1.5,1
07.11.2016 00:20:06.300,1.11094,1.1109200000000001,1,1.87
07.11.2016 00:20:06.823,1.11094,1.1109,1.87,6
07.11.2016 00:20:19.490,1.1109600000000002,1.11095,5.25,2.25
07.11.2016 00:20:19.592,1.1109700000000002,1.11095,1.87,9.94
07.11.2016 00:20:19.643,1.1109700000000002,1.1109600000000002,1.5,1.5
07.11.2016 00:20:19.795,1.11099,1.1109600000000002,1,1
07.11.2016 00:20:20.253,1.1109700000000002,1.11095,3,7.31
07.11.2016 00:20:20.354,1.11099,1.11095,4.87,7.31
07.11.2016 00:20:21.945,1.11099,1.1109600000000002,5.25,1.5
07.11.2016 00:20:23.587,1.11099,1.11095,3.75,5.06
07.11.2016 00:20:24.136,1.11099,1.11095,3.75,4.99
07.11.2016 00:20:26.175,1.11099,1.11095,3.75,6.41
07.11.2016 00:20:27.146,1.11098,1.1109700000000002,1,1
07.11.2016 00:20:27.652,1.1109700000000002,1.1109600000000002,2.25,1.87
07.11.2016 00:20:28.804,1.11099,1.1109600000000002,6,1.5
07.11.2016 00:20:29.392,1.11099,1.1109700000000002,5.62,1
07.11.2016 00:20:29.696,1.11098,1.1109600000000002,1,3.75
07.11.2016 00:20:29.898,1.11099,1.1109600000000002,4.87,1
07.11.2016 00:20:31.214,1.11098,1.1109600000000002,1,1.5
07.11.2016 00:20:31.739,1.11099,1.1109600000000002,5.25,1
07.11.2016 00:20:33.772,1.11099,1.1109700000000002,4.12,1
07.11.2016 00:20:34.793,1.11098,1.1109600000000002,2.25,5.62
07.11.2016 00:20:34.895,1.11099,1.1109700000000002,3.37,1
07.11.2016 00:20:35.402,1.11099,1.1109600000000002,5.62,1
07.11.2016 00:20:38.239,1.11099,1.1109600000000002,6.37,1.12
07.11.2016 00:20:39.042,1.1109700000000002,1.1109600000000002,1,1.12
07.11.2016 00:20:39.589,1.1109700000000002,1.11095,1.87,6.75
07.11.2016 00:20:41.929,1.1109700000000002,1.1109600000000002,1.12,1
07.11.2016 00:20:42.549,1.11098,1.1109600000000002,1,1.37
07.11.2016 00:20:43.099,1.11099,1.1109600000000002,5.62,1
07.11.2016 00:20:45.685,1.11099,1.11095,4.12,9.75
07.11.2016 00:20:46.191,1.11099,1.1109600000000002,4.87,1
07.11.2016 00:20:47.234,1.11099,1.1109600000000002,5.25,3
07.11.2016 00:20:48.089,1.11098,1.1109600000000002,1,4.12
07.11.2016 00:20:48.993,1.11099,1.1109700000000002,3.75,1
07.11.2016 00:20:49.541,1.1109700000000002,1.1109600000000002,1.5,3
07.11.2016 00:20:50.088,1.111,1.11098,6.37,4.69
07.11.2016 00:20:50.313,1.1110200000000001,1.11099,3.56,1
07.11.2016 00:20:50.415,1.11098,1.1109600000000002,1,2.44
07.11.2016 00:20:50.780,1.11095,1.1109200000000001,2.62,2.62
07.11.2016 00:20:51.286,1.11095,1.1109200000000001,3.37,1
07.11.2016 00:20:51.792,1.11094,1.11091,1.87,1
07.11.2016 00:20:55.188,1.1109600000000002,1.1109200000000001,7.87,1
07.11.2016 00:20:55.693,1.11095,1.11091,1,1.12
07.11.2016 00:20:57.019,1.11094,1.11091,1,1.5
07.11.2016 00:21:02.526,1.1109600000000002,1.11093,5.62,6.37
07.11.2016 00:21:02.857,1.11099,1.1109600000000002,2.62,1
07.11.2016 00:21:03.364,1.1109700000000002,1.1109600000000002,1,1
07.11.2016 00:21:03.871,1.11099,1.1109600000000002,2.62,1
07.11.2016 00:21:04.387,1.11099,1.1109600000000002,2.25,2.25
07.11.2016 00:21:05.263,1.11099,1.11095,1.5,8.62
07.11.2016 00:21:07.544,1.1109700000000002,1.1109600000000002,1,1.5
07.11.2016 00:21:07.744,1.111,1.1109700000000002,3.37,1
07.11.2016 00:21:08.284,1.11099,1.1109600000000002,1.87,1.12
07.11.2016 00:21:13.239,1.11099,1.1109700000000002,1,1
07.11.2016 00:21:13.883,1.11099,1.1109600000000002,1,2.81
07.11.2016 00:21:14.136,1.11101,1.111,4.41,3.94
07.11.2016 00:21:14.541,1.11099,1.1109700000000002,2.62,2.25
07.11.2016 00:21:14.795,1.11098,1.1109600000000002,1,2.25
07.11.2016 00:21:15.728,1.11099,1.1109600000000002,4.87,1.12
07.11.2016 00:21:16.269,1.11098,1.1109600000000002,1.12,1.12
07.11.2016 00:21:18.299,1.11099,1.1109600000000002,4.12,1.87
07.11.2016 00:21:21.502,1.11099,1.1109600000000002,2.62,1.12
07.11.2016 00:21:22.004,1.11099,1.11095,1.87,9.19
07.11.2016 00:21:22.510,1.11098,1.11095,1,8.44
07.11.2016 00:21:24.472,1.111,1.11099,2.25,7.31
07.11.2016 00:21:24.674,1.1110200000000001,1.11101,3.97,1
07.11.2016 00:21:24.776,1.111,1.11099,1.12,3
07.11.2016 00:21:24.944,1.11099,1.11098,2.25,1
07.11.2016 00:21:24.996,1.11098,1.1109600000000002,1.12,3
07.11.2016 00:21:25.502,1.11099,1.11095,3.75,8.06
07.11.2016 00:21:29.110,1.11098,1.11095,1,3.56
07.11.2016 00:21:30.362,1.11099,1.11095,1.5,8.81
07.11.2016 00:21:30.896,1.11099,1.1109600000000002,1.12,1.12
07.11.2016 00:21:31.404,1.11099,1.11095,1.5,7.87
07.11.2016 00:21:32.441,1.11099,1.1109700000000002,2.62,1
07.11.2016 00:21:34.739,1.11099,1.1109600000000002,2.25,1.12
07.11.2016 00:21:35.287,1.11099,1.1109700000000002,2.25,1
07.11.2016 00:21:35.836,1.11099,1.1109600000000002,1.12,1.12
07.11.2016 00:21:36.378,1.111,1.11099,2.62,3.37
07.11.2016 00:21:36.552,1.11101,1.111,1,3
07.11.2016 00:21:37.061,1.1110200000000001,1.111,1,4.5
07.11.2016 00:21:39.088,1.1110200000000001,1.111,1.5,4.87
07.11.2016 00:21:39.496,1.111,1.11099,2.25,2.25
07.11.2016 00:21:39.564,1.11099,1.11098,1,1.5
07.11.2016 00:21:39.667,1.11098,1.11095,1,2.62
07.11.2016 00:21:39.768,1.1109700000000002,1.11095,1,1.12
07.11.2016 00:21:39.921,1.11095,1.11093,1.12,1.5
07.11.2016 00:21:40.225,1.11093,1.1109,1.12,6
07.11.2016 00:21:40.377,1.1109200000000001,1.11088,1.87,3.56
07.11.2016 00:21:40.630,1.11091,1.11087,1.12,4.87
07.11.2016 00:21:41.545,1.1109200000000001,1.1109,1.87,6
07.11.2016 00:21:41.748,1.11095,1.11091,9.37,1.12
07.11.2016 00:21:41.850,1.11095,1.11091,10.12,1.75
07.11.2016 00:21:42.305,1.1109600000000002,1.11094,16.31,3.62
07.11.2016 00:21:42.356,1.1109600000000002,1.11095,4.12,4.5
07.11.2016 00:21:42.510,1.11098,1.1109600000000002,6.37,1
07.11.2016 00:21:42.663,1.11099,1.1109600000000002,1.12,2.25
07.11.2016 00:21:43.169,1.11098,1.1109600000000002,1.12,1.5
07.11.2016 00:21:43.686,1.11098,1.11095,2.62,4.87
07.11.2016 00:21:44.340,1.11098,1.1109600000000002,2.25,1
07.11.2016 00:21:44.935,1.11098,1.11095,1.5,7.87
07.11.2016 00:21:45.483,1.111,1.11095,10.5,8.25
07.11.2016 00:21:46.091,1.11098,1.11095,1.5,9.37
07.11.2016 00:21:47.142,1.11099,1.11095,1.5,10.87
07.11.2016 00:21:47.677,1.11099,1.1109600000000002,4.5,1.25
07.11.2016 00:21:48.083,1.1109600000000002,1.11095,2.62,12.75
07.11.2016 00:21:48.135,1.11095,1.11094,2.44,2.62
07.11.2016 00:21:48.289,1.11094,1.1109,2.25,5.99
07.11.2016 00:21:48.392,1.11088,1.1108600000000002,1.35,2.62
07.11.2016 00:21:48.494,1.1108600000000002,1.1108500000000001,1.5,1.87
07.11.2016 00:21:49.001,1.11087,1.11083,7.5,4.12
07.11.2016 00:21:49.260,1.1108500000000001,1.1108200000000001,1,1.75
07.11.2016 00:21:51.398,1.1108600000000002,1.11081,7.12,6
07.11.2016 00:21:51.785,1.1108500000000001,1.11083,4.87,1
07.11.2016 00:21:52.321,1.1108500000000001,1.11081,1,6.6
07.11.2016 00:21:53.044,1.1108500000000001,1.11081,1.12,2.25
07.11.2016 00:21:53.922,1.1108600000000002,1.1108500000000001,3.37,2.25
07.11.2016 00:21:54.176,1.11089,1.1108500000000001,8.25,1.5
07.11.2016 00:21:54.421,1.1108600000000002,1.11084,1,1.5
07.11.2016 00:21:54.939,1.1108600000000002,1.11081,1.5,7.5
07.11.2016 00:21:54.990,1.1108500000000001,1.11081,4.12,3.75
07.11.2016 00:21:55.244,1.11081,1.1108,1,1
07.11.2016 00:21:55.396,1.1108200000000001,1.11077,6.19,4.5
07.11.2016 00:21:55.987,1.11081,1.11077,1,4.5
07.11.2016 00:21:58.533,1.1108200000000001,1.11077,5.44,4.5
07.11.2016 00:22:00.187,1.1108200000000001,1.1108,2.25,2.25
07.11.2016 00:22:00.693,1.11083,1.11081,1,1.5
07.11.2016 00:22:01.211,1.1108500000000001,1.11081,3.37,1.5
