Local time,Ask,Bid,AskVolume,BidVolume
08.11.2016 00:00:00.193,1.10494,1.10489,6.19,1.12
08.11.2016 00:00:00.787,1.10493,1.10489,6,1
08.11.2016 00:00:00.939,1.1049200000000001,1.1048600000000002,1.87,5.06
08.11.2016 00:00:01.445,1.1049,1.10487,1,2.25
08.11.2016 00:00:01.962,1.10489,1.1048600000000002,1,2.62
08.11.2016 00:00:02.513,1.1049,1.10487,1.12,1
08.11.2016 00:00:06.498,1.10491,1.1048600000000002,1.5,2.25
08.11.2016 00:00:08.240,1.1049,1.10485,1.12,3.19
08.11.2016 00:00:10.777,1.1049,1.10485,3.94,2.62
08.11.2016 00:00:11.589,1.1049,1.1048600000000002,3.19,1
08.11.2016 00:00:12.158,1.10489,1.10485,1.69,2.62
08.11.2016 00:00:12.716,1.10489,1.10485,1.25,3.37
08.11.2016 00:00:13.423,1.1049,1.10485,1.25,8.02
08.11.2016 00:00:13.575,1.10491,1.10489,1.5,1
08.11.2016 00:00:13.873,1.10491,1.10487,1,1.12
08.11.2016 00:00:14.411,1.1049,1.10487,1,1.12
08.11.2016 00:00:17.932,1.10493,1.10487,7.31,2.25
08.11.2016 00:00:18.185,1.10493,1.10489,5.44,1
08.11.2016 00:00:20.787,1.10491,1.10487,2.25,2.25
08.11.2016 00:00:21.436,1.1049200000000001,1.10489,1.31,1
08.11.2016 00:00:22.477,1.10491,1.10489,1,1.12
08.11.2016 00:00:23.005,1.1049200000000001,1.10489,1.25,1.12
08.11.2016 00:00:23.518,1.10491,1.10488,3.75,1.87
08.11.2016 00:00:25.683,1.10491,1.10487,2.62,1
08.11.2016 00:00:26.248,1.10489,1.10487,1,1
08.11.2016 00:00:26.753,1.1049,1.1048600000000002,1,1.5
08.11.2016 00:00:27.258,1.10491,1.1048600000000002,6.19,2.25
08.11.2016 00:00:27.889,1.1049,1.1048600000000002,1.5,2.25
08.11.2016 00:00:29.283,1.10491,1.1048600000000002,5.06,1.5
08.11.2016 00:00:34.296,1.10491,1.1048600000000002,6.19,3.9
08.11.2016 00:00:34.842,1.10491,1.1048600000000002,4.69,4.8
08.11.2016 00:00:35.898,1.1049,1.10487,1,1.12
08.11.2016 00:00:45.536,1.1049,1.10488,1.69,1
08.11.2016 00:00:46.248,1.1049,1.10488,1.69,1
08.11.2016 00:00:46.795,1.10491,1.10489,3.75,1
08.11.2016 00:00:48.319,1.10491,1.10488,3.75,1
08.11.2016 00:00:54.210,1.1049,1.10488,2.25,1
08.11.2016 00:00:54.714,1.1049,1.10487,3.19,1.12
08.11.2016 00:00:55.432,1.1049,1.1048600000000002,7.69,1.12
08.11.2016 00:00:55.937,1.10489,1.1048600000000002,2.25,1.12
08.11.2016 00:01:07.417,1.1049,1.1048600000000002,6.56,1.12
08.11.2016 00:01:08.574,1.10489,1.1048600000000002,2.25,1.12
08.11.2016 00:01:15.542,1.10487,1.10485,3.19,4.5
08.11.2016 00:01:15.723,1.10484,1.1048200000000001,4.31,1.12
08.11.2016 00:01:16.228,1.10484,1.10481,3.94,1.87
08.11.2016 00:01:18.206,1.10483,1.10481,2.25,1.87
08.11.2016 00:01:18.764,1.10484,1.10481,4.31,1.12
08.11.2016 00:01:20.169,1.10484,1.1048200000000001,2.44,1
08.11.2016 00:01:20.787,1.10484,1.10481,1.69,4.87
08.11.2016 00:01:21.288,1.10485,1.1048200000000001,4.69,1
08.11.2016 00:01:21.491,1.10483,1.1048200000000001,1.69,1
08.11.2016 00:01:21.796,1.10481,1.1047799999999999,2.06,1.12
08.11.2016 00:01:22.338,1.10481,1.10477,2.06,2.62
08.11.2016 00:01:22.694,1.1047799999999999,1.1047600000000002,3.19,3
08.11.2016 00:01:23.030,1.1047,1.10467,6.19,1.5
08.11.2016 00:01:23.536,1.10469,1.10467,2.25,1
08.11.2016 00:01:24.187,1.1047,1.10467,3.94,1
08.11.2016 00:01:24.936,1.1047,1.1046600000000002,4.69,1.87
08.11.2016 00:01:25.278,1.1046799999999999,1.1046500000000001,1,1.5
08.11.2016 00:01:25.531,1.10467,1.10464,1.69,1.12
08.11.2016 00:01:26.048,1.1046600000000002,1.10463,3.75,1.5
08.11.2016 00:01:26.260,1.1046500000000001,1.1046200000000002,3.19,1.12
08.11.2016 00:01:28.189,1.10464,1.10461,1,1.5
08.11.2016 00:01:29.184,1.1046500000000001,1.10461,5.44,1.5
08.11.2016 00:01:29.686,1.10463,1.1046,1.69,3
08.11.2016 00:01:29.838,1.10461,1.10459,1,3
08.11.2016 00:01:30.344,1.1046200000000002,1.1046,1.5,1
08.11.2016 00:01:31.363,1.1046200000000002,1.10461,1.5,1
08.11.2016 00:01:32.323,1.10463,1.10461,1.69,1
08.11.2016 00:01:34.475,1.10463,1.1046,1.69,1.87
08.11.2016 00:01:34.627,1.1046,1.10459,1,4.5
08.11.2016 00:01:34.888,1.10458,1.1045500000000001,1.25,1.87
08.11.2016 00:01:35.440,1.10458,1.1045500000000001,1.25,3.75
08.11.2016 00:01:37.266,1.10458,1.10454,4.69,3.75
08.11.2016 00:01:58.275,1.10458,1.10456,1.25,1.87
08.11.2016 00:01:59.447,1.1046,1.10456,3.75,1.87
08.11.2016 00:02:04.379,1.10459,1.10456,1,1.12
08.11.2016 00:02:04.898,1.10459,1.10454,4.12,7.5
08.11.2016 00:02:05.437,1.10458,1.10454,1,6
08.11.2016 00:02:06.935,1.10457,1.10454,1,5.25
08.11.2016 00:02:07.036,1.1045500000000001,1.10454,1,1.5
08.11.2016 00:02:07.188,1.1045500000000001,1.10451,2.25,1.12
08.11.2016 00:02:19.481,1.10454,1.10451,1,2.62
08.11.2016 00:02:20.160,1.1045500000000001,1.10451,1.87,2.62
08.11.2016 00:02:20.535,1.1045500000000001,1.10453,1.87,1
08.11.2016 00:02:20.587,1.10457,1.1045500000000001,5.62,1
08.11.2016 00:02:20.638,1.10457,1.10456,1.12,1.5
08.11.2016 00:02:20.740,1.10459,1.10456,2.25,1.12
08.11.2016 00:02:21.245,1.10459,1.10456,4.5,1.5
08.11.2016 00:02:21.369,1.10457,1.10456,1,1.5
08.11.2016 00:02:21.420,1.10457,1.10454,1,3
08.11.2016 00:02:32.104,1.10456,1.1045500000000001,1,1.12
08.11.2016 00:02:32.753,1.10456,1.10454,2.44,1.12
08.11.2016 00:02:33.558,1.1045500000000001,1.1045200000000002,1,2.62
08.11.2016 00:02:33.927,1.1045500000000001,1.10451,1,2.62
08.11.2016 00:02:34.868,1.10454,1.10451,1,2.62
08.11.2016 00:02:35.382,1.1045500000000001,1.10451,2.44,1.12
08.11.2016 00:02:35.899,1.10454,1.10451,1,1.12
08.11.2016 00:02:37.371,1.1045500000000001,1.1045,1.69,5.25
08.11.2016 00:02:40.537,1.1045500000000001,1.1045200000000002,1.25,1
08.11.2016 00:02:41.088,1.1045500000000001,1.10451,1.25,1.87
08.11.2016 00:02:51.162,1.1045500000000001,1.1045200000000002,1.25,1
08.11.2016 00:02:52.697,1.10456,1.1045200000000002,6.56,2.25
08.11.2016 00:03:12.081,1.1045500000000001,1.1045200000000002,1,1.5
08.11.2016 00:03:13.169,1.10456,1.1045200000000002,1.5,1.5
08.11.2016 00:03:13.947,1.1045500000000001,1.1045200000000002,1,1
08.11.2016 00:03:15.132,1.1045500000000001,1.10451,1,4.12
08.11.2016 00:03:16.039,1.10454,1.10451,2.62,2.25
08.11.2016 00:03:17.683,1.10453,1.10449,1,7.87
08.11.2016 00:03:17.936,1.10453,1.10449,3,3.75
08.11.2016 00:03:20.863,1.10453,1.10451,1.12,1
08.11.2016 00:03:21.369,1.10454,1.10451,5.62,1.5
08.11.2016 00:03:22.887,1.10454,1.1045,4.5,2.62
08.11.2016 00:03:23.875,1.10453,1.1045,1,2.62
08.11.2016 00:03:30.633,1.10454,1.1045,3.37,1.87
08.11.2016 00:03:37.196,1.1045500000000001,1.10451,5.25,1
08.11.2016 00:03:39.518,1.10454,1.1045,1.12,2.62
08.11.2016 00:03:43.001,1.10453,1.1045,1,2.62
08.11.2016 00:03:46.697,1.10454,1.1045,3.75,1.87
08.11.2016 00:03:48.760,1.10454,1.1045,4.12,3.37
08.11.2016 00:03:49.287,1.10453,1.1045,1,3.37
08.11.2016 00:03:49.947,1.10454,1.1045,1.5,3
08.11.2016 00:03:55.985,1.1045500000000001,1.1045,4.5,3
08.11.2016 00:03:56.986,1.10454,1.1045,1,3
08.11.2016 00:04:00.117,1.10453,1.1045,1.12,1.5
08.11.2016 00:04:00.219,1.10451,1.10449,1.5,1.87
08.11.2016 00:04:00.320,1.10451,1.10448,3.75,1.5
08.11.2016 00:04:00.840,1.1045,1.10446,5.62,1.5
08.11.2016 00:04:01.347,1.10449,1.1044500000000002,2.06,2.25
08.11.2016 00:04:01.874,1.10449,1.10447,1.87,1
08.11.2016 00:04:02.380,1.10449,1.10446,1,2.62
08.11.2016 00:04:02.909,1.1045,1.10446,5.06,2.62
08.11.2016 00:04:03.437,1.1045,1.10447,3.19,1
08.11.2016 00:04:06.571,1.10449,1.10446,1,1.87
08.11.2016 00:04:20.187,1.1045,1.10448,2.06,1
08.11.2016 00:04:20.390,1.1045200000000002,1.10449,3,1.12
08.11.2016 00:04:20.896,1.10453,1.1045,1,1
08.11.2016 00:04:21.567,1.10453,1.10449,1,1.5
08.11.2016 00:04:22.126,1.10454,1.10449,5.81,2.25
08.11.2016 00:04:22.745,1.10454,1.10449,5.81,3.75
08.11.2016 00:04:25.205,1.10454,1.10449,7.31,3.75
08.11.2016 00:04:28.688,1.10454,1.10449,3.56,3.75
08.11.2016 00:04:30.085,1.10454,1.10451,4.69,1
08.11.2016 00:04:30.638,1.10454,1.1045,2.81,2.62
08.11.2016 00:04:34.948,1.10454,1.10451,2.44,1
08.11.2016 00:04:39.512,1.10454,1.1045,1.31,1.12
08.11.2016 00:04:41.043,1.10453,1.1045,1,1.12
08.11.2016 00:04:41.688,1.10453,1.10448,7.87,2.25
08.11.2016 00:04:44.493,1.1045200000000002,1.10448,1.87,2.25
08.11.2016 00:04:48.496,1.10453,1.10448,5.25,2.25
08.11.2016 00:04:49.126,1.10453,1.10448,7.12,1.5
08.11.2016 00:04:49.670,1.1045200000000002,1.10448,1.5,1.12
08.11.2016 00:04:50.226,1.1045200000000002,1.10448,2.25,1.12
08.11.2016 00:04:55.973,1.1045,1.10446,1.19,2.62
08.11.2016 00:04:56.227,1.10449,1.1044500000000002,2.44,2.25
08.11.2016 00:05:00.616,1.10449,1.1044500000000002,6.19,1.87
08.11.2016 00:05:01.122,1.1045,1.10446,1.87,2.62
08.11.2016 00:05:01.628,1.1045,1.10446,1.5,2.25
08.11.2016 00:05:05.746,1.10451,1.10447,3.56,1.87
08.11.2016 00:05:11.227,1.10451,1.10448,2.06,1
08.11.2016 00:05:12.092,1.1045200000000002,1.10449,4.12,1
08.11.2016 00:05:13.541,1.1045200000000002,1.1045,1.87,1.5
08.11.2016 00:05:13.643,1.1045500000000001,1.1045200000000002,6.56,1
08.11.2016 00:05:13.694,1.1045500000000001,1.1045,5.44,2.62
08.11.2016 00:05:13.745,1.1045500000000001,1.1045200000000002,4.87,1
08.11.2016 00:05:14.792,1.10456,1.1045200000000002,4.31,1.5
08.11.2016 00:05:16.956,1.10456,1.10453,3.56,1
08.11.2016 00:05:17.739,1.10456,1.10451,3.56,4.12
08.11.2016 00:05:20.043,1.10456,1.10453,3.56,1
08.11.2016 00:05:21.135,1.10456,1.1045200000000002,2.44,1.87
08.11.2016 00:05:21.438,1.10453,1.10449,1,7.12
08.11.2016 00:05:21.971,1.10453,1.10449,1,8.62
08.11.2016 00:05:22.986,1.10453,1.1045200000000002,1,1
08.11.2016 00:05:23.518,1.10453,1.1045,1,1.5
08.11.2016 00:05:28.677,1.10454,1.10449,1.87,7.87
08.11.2016 00:05:33.146,1.10453,1.1045,1,1.5
08.11.2016 00:05:36.739,1.10454,1.1045,1,1.37
08.11.2016 00:05:42.869,1.1045500000000001,1.1045,4.5,1.37
08.11.2016 00:05:45.997,1.10454,1.1045,1,1.37
08.11.2016 00:05:47.185,1.1045500000000001,1.1045,2.25,1.37
08.11.2016 00:05:53.690,1.10457,1.10451,9.75,4.87
08.11.2016 00:05:54.183,1.10458,1.10454,1.37,1.12
08.11.2016 00:05:54.486,1.10459,1.10456,4.87,1.12
08.11.2016 00:05:55.011,1.10459,1.10456,7.12,1
08.11.2016 00:05:56.173,1.10459,1.10454,7.87,1.87
08.11.2016 00:05:59.894,1.10459,1.10456,7.12,1
08.11.2016 00:06:00.401,1.10459,1.1045500000000001,7.12,1
08.11.2016 00:06:00.889,1.10459,1.10457,1,1
08.11.2016 00:06:02.590,1.10459,1.10458,1,1
08.11.2016 00:06:10.186,1.10459,1.10457,1,1.12
08.11.2016 00:06:15.962,1.1046,1.1045500000000001,2.25,3
08.11.2016 00:06:21.667,1.10459,1.1045500000000001,2.62,2.25
08.11.2016 00:06:21.718,1.10459,1.1045500000000001,3.75,1.87
08.11.2016 00:06:22.224,1.10459,1.10456,1.87,1
08.11.2016 00:06:22.477,1.1046,1.10456,4.12,1
08.11.2016 00:06:23.673,1.1046,1.10456,4.12,1
08.11.2016 00:06:27.489,1.10459,1.10456,6,1
08.11.2016 00:06:28.004,1.10459,1.10457,1,1
08.11.2016 00:06:32.237,1.10459,1.10456,1.87,1
08.11.2016 00:06:32.786,1.10459,1.10456,3,1
08.11.2016 00:06:33.292,1.1046,1.10456,5.62,1
08.11.2016 00:06:42.742,1.1046,1.10457,3,1
08.11.2016 00:06:43.047,1.1046,1.10456,5.32,1.12
08.11.2016 00:06:44.136,1.10459,1.10456,3.75,1
08.11.2016 00:06:44.638,1.1046,1.10457,4.12,1
08.11.2016 00:06:49.826,1.10461,1.10457,8.44,1
08.11.2016 00:06:54.944,1.10461,1.10456,5.7,2.62
08.11.2016 00:07:11.188,1.10461,1.1045500000000001,8.51,9.75
08.11.2016 00:07:12.200,1.10461,1.10456,8.51,1
08.11.2016 00:07:22.236,1.1046,1.1045500000000001,1.5,9
08.11.2016 00:07:23.253,1.1046,1.10456,1.5,1
08.11.2016 00:07:25.039,1.10459,1.1045500000000001,2.25,6
08.11.2016 00:07:31.058,1.1046,1.10456,3,1
08.11.2016 00:07:31.109,1.1046,1.10456,4.57,1
08.11.2016 00:07:31.261,1.10459,1.1045500000000001,2.81,1.12
08.11.2016 00:07:31.775,1.1046,1.10456,4.87,1
08.11.2016 00:07:32.292,1.1046,1.10456,4.87,1
08.11.2016 00:07:33.127,1.1046,1.10456,5.25,1
08.11.2016 00:07:33.539,1.1046,1.10456,5.06,1
08.11.2016 00:07:34.032,1.1046,1.10456,2.62,1
08.11.2016 00:07:37.394,1.10459,1.1045500000000001,1.2,3.37
08.11.2016 00:07:37.748,1.1046,1.10456,5.06,1
08.11.2016 00:07:44.391,1.1046,1.10456,3,1.12
08.11.2016 00:08:01.742,1.1046,1.10457,1.87,1
08.11.2016 00:08:02.640,1.1046,1.10456,1.12,5.25
08.11.2016 00:08:05.739,1.1046,1.10457,1.12,1
08.11.2016 00:08:06.882,1.1046,1.10456,1.12,5.25
08.11.2016 00:08:12.539,1.10459,1.10456,1,3.37
08.11.2016 00:08:13.135,1.10459,1.10456,1.44,2.62
08.11.2016 00:08:13.439,1.1046,1.10456,4.31,1
08.11.2016 00:08:15.884,1.10459,1.10456,4.2,1
08.11.2016 00:08:16.036,1.10458,1.10454,4.57,1.87
08.11.2016 00:08:16.380,1.10459,1.10456,4.12,1
08.11.2016 00:08:16.887,1.10459,1.10456,1.12,1
08.11.2016 00:08:18.904,1.1046,1.10456,5.7,1
08.11.2016 00:08:19.056,1.1046,1.10456,3.37,1
08.11.2016 00:08:26.563,1.1046,1.10457,4.87,1
08.11.2016 00:08:27.076,1.1046,1.10456,4.87,1.5
08.11.2016 00:08:29.662,1.1046,1.10457,4.12,1
08.11.2016 00:08:30.238,1.1046,1.10458,2.62,1
08.11.2016 00:08:31.964,1.10461,1.10456,6.37,1.5
08.11.2016 00:08:58.729,1.10461,1.10457,5.62,1
08.11.2016 00:08:59.257,1.10461,1.10457,3.75,1
08.11.2016 00:09:05.120,1.10461,1.10458,3,1.5
08.11.2016 00:09:05.272,1.10463,1.10459,1.69,1
08.11.2016 00:09:05.818,1.10463,1.10459,1.19,4.5
08.11.2016 00:09:06.343,1.10464,1.10459,10.39,1.12
08.11.2016 00:09:06.876,1.10463,1.10459,2.89,1.12
08.11.2016 00:09:08.240,1.10463,1.10459,1.29,3.37
08.11.2016 00:09:08.785,1.10464,1.10459,5.14,4.12
08.11.2016 00:09:17.542,1.10464,1.10459,2.44,4.12
08.11.2016 00:09:18.061,1.10464,1.1046,1.2,1
08.11.2016 00:09:32.291,1.10461,1.10458,1.12,7.87
08.11.2016 00:09:32.393,1.1046,1.10459,1.87,1
08.11.2016 00:09:32.444,1.1046,1.10458,1.87,4.5
08.11.2016 00:09:32.495,1.10458,1.10457,1.5,1.12
08.11.2016 00:09:32.546,1.10458,1.10456,1.87,1
08.11.2016 00:09:32.648,1.10458,1.10454,3.49,3.37
08.11.2016 00:09:33.170,1.10458,1.10454,5.14,1.12
08.11.2016 00:09:37.448,1.10459,1.10454,3.82,6.37
08.11.2016 00:09:51.295,1.10459,1.1045500000000001,5.25,1.12
08.11.2016 00:09:51.346,1.10458,1.1045500000000001,2.51,1.12
08.11.2016 00:09:51.701,1.10456,1.10453,1,1.12
08.11.2016 00:09:55.940,1.10457,1.10453,6.64,1.12
08.11.2016 00:09:56.294,1.10458,1.10456,1.19,1
08.11.2016 00:09:56.988,1.10459,1.10456,2.51,1
08.11.2016 00:10:01.761,1.10459,1.10456,2.7,1
08.11.2016 00:10:03.189,1.10459,1.10456,2.25,1.5
08.11.2016 00:10:03.420,1.10461,1.10457,10.2,1
08.11.2016 00:10:03.472,1.10461,1.10456,8.42,1.87
08.11.2016 00:10:04.952,1.1046,1.10456,1.37,1.87
08.11.2016 00:10:05.130,1.10461,1.10456,9.94,1.87
08.11.2016 00:10:05.231,1.1046,1.10456,2.59,1.12
08.11.2016 00:10:05.668,1.10458,1.10454,2.89,1.87
08.11.2016 00:10:09.688,1.10459,1.1045500000000001,4.57,1
08.11.2016 00:10:09.892,1.10459,1.1045500000000001,2.62,1.12
08.11.2016 00:10:10.436,1.10459,1.10456,2.62,1.12
08.11.2016 00:10:10.888,1.10459,1.10456,3.45,1.12
08.11.2016 00:10:11.436,1.10458,1.10454,2.14,2.25
08.11.2016 00:10:11.487,1.10459,1.10454,5.25,2.25
08.11.2016 00:10:12.230,1.10459,1.10454,2.62,4.5
08.11.2016 00:10:12.433,1.10459,1.10454,4.2,5.25
08.11.2016 00:10:12.585,1.10459,1.10454,10.01,1.87
08.11.2016 00:10:13.021,1.10456,1.10454,1,1
08.11.2016 00:10:20.815,1.10459,1.1045500000000001,8.7,1
08.11.2016 00:10:21.059,1.10459,1.1045500000000001,1.12,1.87
08.11.2016 00:10:21.110,1.10459,1.10457,1.12,1
08.11.2016 00:10:22.289,1.10459,1.10454,2.62,7.5
08.11.2016 00:10:22.491,1.10456,1.10454,1,1.87
08.11.2016 00:10:22.644,1.10454,1.10453,1.12,1.12
08.11.2016 00:10:23.902,1.10454,1.1045200000000002,2.62,1
08.11.2016 00:10:24.421,1.10453,1.10451,2.25,1.12
08.11.2016 00:10:24.937,1.10453,1.1045200000000002,2.25,1.5
08.11.2016 00:10:30.190,1.10454,1.1045200000000002,1.5,1
08.11.2016 00:10:31.707,1.1045500000000001,1.10453,1.87,5.25
08.11.2016 00:10:31.859,1.10457,1.10454,4.87,1
08.11.2016 00:10:31.961,1.1045500000000001,1.10454,2.25,1
08.11.2016 00:10:32.489,1.10454,1.10453,1,1
08.11.2016 00:10:34.803,1.10454,1.10451,3,1.5
08.11.2016 00:10:35.107,1.1045,1.10448,1.69,4.5
08.11.2016 00:10:35.159,1.10449,1.10448,1,1
08.11.2016 00:10:35.210,1.10449,1.10446,1.44,1.5
08.11.2016 00:10:35.261,1.1045,1.10446,3.19,1.5
08.11.2016 00:10:35.313,1.1045,1.10448,3.94,1
08.11.2016 00:10:35.718,1.10453,1.10449,1.75,6
08.11.2016 00:10:35.769,1.10453,1.10451,1.37,1
08.11.2016 00:10:35.870,1.1045500000000001,1.10451,11.62,1
08.11.2016 00:10:36.786,1.1045500000000001,1.10451,8.62,1
08.11.2016 00:10:37.925,1.10456,1.1045200000000002,8.62,1
08.11.2016 00:10:39.476,1.10454,1.1045,2.62,1.5
08.11.2016 00:10:39.982,1.10454,1.10449,2.62,6.94
08.11.2016 00:10:44.586,1.10454,1.10449,1,8.44
08.11.2016 00:10:45.135,1.1045500000000001,1.1045,6.75,1
08.11.2016 00:10:49.884,1.1045500000000001,1.1045,3.75,4.5
08.11.2016 00:10:50.437,1.1045500000000001,1.10454,3.75,1
08.11.2016 00:10:50.640,1.10459,1.1045500000000001,3.37,2.62
08.11.2016 00:10:50.691,1.10459,1.1045500000000001,2.62,2.62
08.11.2016 00:10:50.944,1.10459,1.1045500000000001,1.42,1.87
08.11.2016 00:10:51.147,1.10457,1.1045200000000002,8.74,3.37
08.11.2016 00:10:51.299,1.10457,1.1045200000000002,11.62,1.12
08.11.2016 00:10:51.835,1.1045500000000001,1.10451,1.5,2.62
08.11.2016 00:11:04.441,1.10454,1.10451,1,1.12
08.11.2016 00:11:06.389,1.10454,1.1045,6,1.12
08.11.2016 00:11:09.840,1.10454,1.1045,6,1
08.11.2016 00:11:13.140,1.10454,1.1045,2.62,1.12
08.11.2016 00:11:14.642,1.10454,1.10449,8.62,1.87
08.11.2016 00:11:15.847,1.1045,1.10448,2.62,4.12
08.11.2016 00:11:16.102,1.10448,1.10446,1.19,1
08.11.2016 00:11:16.638,1.10448,1.1044500000000002,1.19,1.5
08.11.2016 00:11:17.148,1.1045,1.10446,12.26,1.12
08.11.2016 00:11:19.686,1.1045,1.10448,3.56,1.5
08.11.2016 00:11:19.939,1.1045200000000002,1.10447,5.89,4.87
08.11.2016 00:11:20.462,1.10451,1.10447,1.5,1
08.11.2016 00:11:25.347,1.1045200000000002,1.10448,6.64,1
08.11.2016 00:11:25.399,1.10451,1.1045,1,1.69
08.11.2016 00:11:25.450,1.1045200000000002,1.10451,1.31,1
08.11.2016 00:11:25.956,1.10454,1.1045,3.07,3
08.11.2016 00:11:26.623,1.10453,1.10449,2.14,1.5
08.11.2016 00:11:26.825,1.1045,1.10447,1,2.25
08.11.2016 00:11:27.001,1.10451,1.10446,5.06,2.62
08.11.2016 00:11:27.506,1.10451,1.10447,5.25,1
08.11.2016 00:11:31.544,1.10451,1.10446,4.5,5.62
08.11.2016 00:11:31.595,1.10449,1.10447,1,1.12
08.11.2016 00:11:31.646,1.10449,1.10446,2.92,1.5
08.11.2016 00:11:31.825,1.10448,1.10444,4.99,1.5
08.11.2016 00:11:31.926,1.10447,1.1044200000000002,8.74,3
08.11.2016 00:11:32.432,1.10446,1.1044200000000002,1.12,1.5
08.11.2016 00:11:32.937,1.10446,1.1044200000000002,1.5,1.12
08.11.2016 00:11:35.895,1.1044500000000002,1.1044200000000002,1,2.62
08.11.2016 00:11:42.455,1.1044500000000002,1.10444,1,1
08.11.2016 00:11:42.709,1.10448,1.10444,1.29,1.87
08.11.2016 00:11:43.252,1.10448,1.10444,4.39,1.12
08.11.2016 00:11:47.238,1.1044500000000002,1.10443,1,1.5
08.11.2016 00:11:47.543,1.1044500000000002,1.1044200000000002,1.12,1
08.11.2016 00:11:54.952,1.1044500000000002,1.1044,1.12,6.75
08.11.2016 00:11:56.866,1.1044500000000002,1.10444,1.12,1
08.11.2016 00:11:57.119,1.10448,1.1044500000000002,1.87,1.12
08.11.2016 00:11:57.372,1.10447,1.10443,1.24,1.87
08.11.2016 00:12:04.426,1.10447,1.1044500000000002,1.39,1
08.11.2016 00:12:05.742,1.10448,1.10446,5.51,1
08.11.2016 00:12:05.945,1.10449,1.1044500000000002,2.25,1.5
08.11.2016 00:12:06.457,1.10449,1.10446,1.2,1
08.11.2016 00:12:06.989,1.10449,1.1044500000000002,4.2,2.25
08.11.2016 00:12:07.588,1.10449,1.10446,2.32,1
08.11.2016 00:12:08.153,1.10451,1.10446,14.62,2.62
08.11.2016 00:12:08.255,1.10451,1.10449,6,1.5
08.11.2016 00:12:08.457,1.10453,1.10449,3.45,1
08.11.2016 00:12:09.771,1.1045200000000002,1.10448,4.31,1.5
08.11.2016 00:12:09.973,1.10451,1.10446,5.77,6
08.11.2016 00:12:10.480,1.10449,1.10446,3.07,1.5
08.11.2016 00:12:10.631,1.10449,1.10446,2.25,1.5
08.11.2016 00:12:10.783,1.1045,1.10446,6.64,1
08.11.2016 00:12:11.189,1.10448,1.10444,3.19,2.25
08.11.2016 00:12:11.701,1.10446,1.10443,1,1.12
08.11.2016 00:12:13.194,1.10447,1.10443,1.01,2.62
08.11.2016 00:12:13.397,1.10449,1.1044500000000002,6.07,1
08.11.2016 00:12:13.852,1.1045,1.10446,10.87,1
08.11.2016 00:12:14.439,1.10449,1.1044500000000002,1.2,1.87
08.11.2016 00:12:14.946,1.10448,1.10444,5.51,1
08.11.2016 00:12:15.987,1.10448,1.10443,7.76,3.37
08.11.2016 00:12:16.920,1.10447,1.10443,3.45,1
08.11.2016 00:12:20.741,1.10447,1.10443,1.01,1.12
08.11.2016 00:12:21.288,1.10446,1.1044200000000002,1,3.75
08.11.2016 00:12:22.962,1.10446,1.1044100000000001,4.12,6
08.11.2016 00:12:24.663,1.10446,1.1044100000000001,5.25,4.5
08.11.2016 00:12:27.094,1.10446,1.1044100000000001,5.25,4.5
08.11.2016 00:12:27.642,1.1044500000000002,1.1044100000000001,1.12,4.5
08.11.2016 00:12:28.274,1.10446,1.1044100000000001,4.5,5.25
08.11.2016 00:12:31.238,1.10446,1.1044100000000001,5,5.62
08.11.2016 00:12:31.340,1.10444,1.1044100000000001,1.5,1.5
08.11.2016 00:12:31.391,1.10444,1.1044100000000001,1.44,2.25
08.11.2016 00:12:31.442,1.1044500000000002,1.1044,5.44,3.75
08.11.2016 00:12:31.544,1.1044500000000002,1.10444,1.5,1
08.11.2016 00:12:31.646,1.10447,1.10444,4.69,2.25
08.11.2016 00:12:32.158,1.10448,1.10444,2.44,4.5
08.11.2016 00:12:35.163,1.10449,1.10444,4.99,7.5
08.11.2016 00:12:35.726,1.10449,1.1044500000000002,1.87,1
08.11.2016 00:12:36.240,1.10449,1.10444,2.06,7.12
08.11.2016 00:12:36.786,1.10449,1.10444,2.25,6.37
08.11.2016 00:12:37.391,1.10449,1.1044500000000002,4.87,1
08.11.2016 00:12:38.293,1.10449,1.1044500000000002,3,2.25
08.11.2016 00:12:38.795,1.10449,1.1044500000000002,1,3
08.11.2016 00:12:38.846,1.10449,1.1044500000000002,1.44,3
08.11.2016 00:12:39.351,1.10448,1.10444,2.44,1.12
08.11.2016 00:12:41.139,1.10449,1.10444,10.2,5.25
08.11.2016 00:12:42.763,1.10449,1.10444,4.31,4.5
08.11.2016 00:12:43.264,1.10449,1.10444,8.89,4.12
08.11.2016 00:12:45.838,1.10449,1.1044500000000002,1.5,1
08.11.2016 00:12:46.392,1.1045,1.1044500000000002,6.75,1.5
08.11.2016 00:12:47.792,1.10449,1.10444,1.44,10.87
08.11.2016 00:12:47.843,1.10449,1.10444,2.62,6
08.11.2016 00:12:48.197,1.10448,1.10446,3.94,1
08.11.2016 00:12:48.400,1.10449,1.1044500000000002,1,3
08.11.2016 00:12:48.602,1.1045,1.1044500000000002,6.82,3.75
08.11.2016 00:12:49.134,1.1045,1.10446,4.5,1.12
08.11.2016 00:12:53.135,1.1045,1.1044500000000002,3,7.5
08.11.2016 00:12:57.041,1.1045,1.1044500000000002,6,3
08.11.2016 00:12:57.320,1.1045,1.10446,4.95,1.12
08.11.2016 00:12:57.839,1.10449,1.10446,3,1
08.11.2016 00:12:58.342,1.10449,1.10446,1.2,1
08.11.2016 00:12:58.627,1.10448,1.10444,2.51,2.62
08.11.2016 00:12:59.039,1.1045,1.10446,1.87,1
08.11.2016 00:12:59.586,1.1045,1.10446,1.37,1.12
08.11.2016 00:13:05.212,1.1045,1.10447,1.37,1
08.11.2016 00:13:05.804,1.1045,1.10446,1.37,1.87
08.11.2016 00:13:06.639,1.10449,1.1044500000000002,1.44,5.62
08.11.2016 00:13:06.690,1.1045,1.1044500000000002,4.87,3.75
08.11.2016 00:13:07.096,1.1045,1.10446,2.62,3.37
08.11.2016 00:13:10.888,1.1045,1.10446,3.19,1.5
08.11.2016 00:13:11.191,1.10449,1.1044500000000002,1.37,4.12
08.11.2016 00:13:11.495,1.10451,1.10446,7.5,1.87
08.11.2016 00:13:18.337,1.1045,1.10448,1.12,1
08.11.2016 00:13:19.839,1.1045,1.10446,1,4.12
08.11.2016 00:13:21.640,1.1045,1.10446,1.5,3.37
08.11.2016 00:13:21.944,1.1045500000000001,1.10453,17.62,2.5
08.11.2016 00:13:21.995,1.10453,1.10451,1,3.75
08.11.2016 00:13:22.046,1.10453,1.10451,1.12,7.57
08.11.2016 00:13:22.148,1.10456,1.10454,1.59,1
08.11.2016 00:13:22.402,1.10457,1.1045500000000001,1.12,3
08.11.2016 00:13:22.605,1.1046,1.1045500000000001,3.75,5.62
08.11.2016 00:13:22.986,1.10459,1.1045500000000001,4.31,1.5
08.11.2016 00:13:23.189,1.10458,1.10454,6.19,1.12
08.11.2016 00:13:23.704,1.10457,1.10453,1.12,2.62
08.11.2016 00:13:28.869,1.10457,1.10454,2.25,1.5
08.11.2016 00:13:29.678,1.10457,1.1045200000000002,1.12,10.87
08.11.2016 00:13:39.050,1.10456,1.1045200000000002,1,4.12
08.11.2016 00:13:39.557,1.1045500000000001,1.1045200000000002,1.5,1
08.11.2016 00:13:43.841,1.10456,1.1045200000000002,1.69,2.89
08.11.2016 00:13:46.818,1.1045500000000001,1.1045200000000002,1.5,1.5
08.11.2016 00:13:46.970,1.1045500000000001,1.10451,1.5,5.62
08.11.2016 00:13:53.789,1.10454,1.10451,1,1.5
08.11.2016 00:13:56.237,1.10454,1.10451,1,9.75
08.11.2016 00:13:56.739,1.1045500000000001,1.10451,1.12,6.75
08.11.2016 00:13:58.245,1.1045500000000001,1.10451,1.12,5.25
08.11.2016 00:13:58.787,1.1045500000000001,1.1045200000000002,1.12,1
08.11.2016 00:14:01.943,1.1045500000000001,1.10451,1.12,6.37
08.11.2016 00:14:04.185,1.10454,1.10451,1,4.12
08.11.2016 00:14:04.338,1.10454,1.10449,5.62,6
08.11.2016 00:14:04.871,1.1045200000000002,1.10448,2.25,4.87
08.11.2016 00:14:05.431,1.10451,1.10447,1,5.25
08.11.2016 00:14:07.718,1.1045200000000002,1.10447,4.5,5.25
08.11.2016 00:14:09.687,1.10451,1.10447,1,5.25
08.11.2016 00:14:23.720,1.1045,1.10447,1,4.13
08.11.2016 00:14:29.590,1.1045,1.1044500000000002,10.87,2.62
08.11.2016 00:14:29.678,1.1045,1.1044500000000002,14.87,1.75
08.11.2016 00:14:30.083,1.1045,1.1044500000000002,14.25,1.5
08.11.2016 00:14:30.597,1.10449,1.1044500000000002,1,1.5
08.11.2016 00:14:32.238,1.10449,1.1044500000000002,10.69,1.12
08.11.2016 00:14:32.400,1.10446,1.10443,1,5.25
08.11.2016 00:14:32.603,1.1044500000000002,1.1044200000000002,1.5,1
08.11.2016 00:14:37.639,1.1044500000000002,1.1044100000000001,3.19,1.12
08.11.2016 00:14:38.096,1.10443,1.1044,1,1
08.11.2016 00:14:38.601,1.10444,1.1044100000000001,1.5,1.5
08.11.2016 00:14:39.122,1.10444,1.1044100000000001,1,2.25
08.11.2016 00:14:44.841,1.10444,1.1044100000000001,1,3.19
08.11.2016 00:14:46.680,1.10444,1.1044100000000001,1,1.87
08.11.2016 00:14:47.188,1.1044500000000002,1.1044,3.37,9
08.11.2016 00:14:51.362,1.1044500000000002,1.1044100000000001,3.37,1
08.11.2016 00:14:51.666,1.10447,1.10444,2.25,1.5
08.11.2016 00:14:52.601,1.10446,1.10443,1,1.12
08.11.2016 00:14:52.703,1.1044500000000002,1.1044100000000001,1.87,5.62
08.11.2016 00:14:58.370,1.10443,1.1044,1,7.5
08.11.2016 00:14:58.667,1.1044200000000002,1.10438,1.87,2.62
08.11.2016 00:14:58.971,1.10439,1.10437,2.25,6.37
08.11.2016 00:14:59.074,1.10438,1.10436,1,1.12
08.11.2016 00:14:59.176,1.10436,1.10434,6,5.62
08.11.2016 00:14:59.330,1.10434,1.1043,1,3.37
08.11.2016 00:14:59.381,1.1043200000000002,1.1043,1,1.5
08.11.2016 00:14:59.561,1.10434,1.1043,3,1.5
08.11.2016 00:15:00.251,1.10434,1.10429,1,7.12
08.11.2016 00:15:03.289,1.10434,1.1043,1,1
08.11.2016 00:15:03.793,1.10435,1.1043,6.37,1.5
08.11.2016 00:15:05.138,1.10435,1.1043,5.87,1.87
08.11.2016 00:15:07.191,1.10434,1.1043,1.12,1.87
08.11.2016 00:15:07.838,1.10433,1.1043,1.19,1.87
08.11.2016 00:15:08.900,1.10434,1.1043,2.62,2.62
08.11.2016 00:15:13.064,1.10434,1.10429,8.99,7.12
08.11.2016 00:15:18.284,1.10434,1.1043,7.5,1.12
08.11.2016 00:15:25.122,1.10434,1.1043200000000002,1.12,1
08.11.2016 00:15:26.292,1.10434,1.1043100000000001,1.12,1
08.11.2016 00:15:26.989,1.10434,1.1043,1.12,7.12
08.11.2016 00:15:27.292,1.10433,1.1043,1.19,2.62
08.11.2016 00:15:27.596,1.1043,1.10427,1,3.37
08.11.2016 00:15:28.616,1.1043,1.10429,1,1.5
08.11.2016 00:15:28.717,1.1043200000000002,1.10429,3.56,2.62
08.11.2016 00:15:34.689,1.10433,1.10429,1.12,7.12
08.11.2016 00:15:35.194,1.10434,1.1043,6.37,1
08.11.2016 00:15:41.484,1.10434,1.1043,5.89,1.5
08.11.2016 00:15:42.526,1.10434,1.1043,6.07,1.5
08.11.2016 00:15:53.290,1.10434,1.10429,11.7,6
08.11.2016 00:15:54.586,1.1043,1.10428,1,7.5
08.11.2016 00:15:54.692,1.10428,1.10426,2.25,1.12
08.11.2016 00:15:54.844,1.10426,1.10424,1.5,1.5
08.11.2016 00:15:54.902,1.10425,1.10423,3.75,1.12
08.11.2016 00:15:55.004,1.10423,1.1042100000000001,1,2.25
08.11.2016 00:15:55.537,1.10423,1.10419,1.69,7.5
08.11.2016 00:15:56.716,1.10423,1.10419,1.69,7.5
08.11.2016 00:15:57.224,1.10423,1.10419,2.06,6.75
08.11.2016 00:15:57.746,1.10423,1.10419,1.31,6
08.11.2016 00:16:02.038,1.10423,1.10419,2.06,6.37
08.11.2016 00:16:03.140,1.10423,1.10419,6.94,4.87
08.11.2016 00:16:04.674,1.10423,1.10419,4.69,6
08.11.2016 00:16:05.202,1.10423,1.10419,2.44,5.25
08.11.2016 00:16:09.339,1.1042100000000001,1.10419,1,4.87
08.11.2016 00:16:10.843,1.1042200000000002,1.10419,3.56,3.37
08.11.2016 00:16:13.238,1.10423,1.10419,1.12,6.75
08.11.2016 00:16:13.740,1.10423,1.10419,1.31,6.75
08.11.2016 00:16:14.890,1.10423,1.10419,2.81,5.25
08.11.2016 00:16:15.437,1.10423,1.10419,7.69,4.87
08.11.2016 00:16:24.543,1.10423,1.10419,1,4.87
08.11.2016 00:16:25.048,1.10424,1.1042,4.5,1.12
08.11.2016 00:16:26.390,1.10424,1.1042100000000001,3,1
08.11.2016 00:16:29.794,1.10425,1.1042200000000002,4.5,3.75
08.11.2016 00:16:29.946,1.10426,1.1042200000000002,1.12,5.62
08.11.2016 00:16:30.480,1.10426,1.1042200000000002,1.12,2.25
08.11.2016 00:16:30.531,1.10424,1.1042200000000002,1,1
08.11.2016 00:16:30.734,1.10424,1.1042,2.25,2.25
08.11.2016 00:16:32.741,1.1042200000000002,1.10419,1,6
08.11.2016 00:16:45.041,1.1042200000000002,1.10419,1.5,4.12
08.11.2016 00:16:46.438,1.10423,1.10419,1.12,4.12
08.11.2016 00:16:46.943,1.10424,1.1042,1.12,2.62
08.11.2016 00:16:49.141,1.10423,1.1042,1.5,1.12
08.11.2016 00:16:49.445,1.1042,1.10417,4.87,3
08.11.2016 00:16:49.547,1.1042,1.10415,5.62,2.25
08.11.2016 00:16:54.701,1.10419,1.1041400000000001,7.12,8.25
08.11.2016 00:16:58.943,1.10419,1.10416,2.25,1
08.11.2016 00:16:59.855,1.10419,1.10415,2.25,3.38
08.11.2016 00:17:04.351,1.1042,1.10416,7.12,1
08.11.2016 00:17:04.402,1.1042,1.10418,3,1
08.11.2016 00:17:04.554,1.1042200000000002,1.10418,2.25,2.25
08.11.2016 00:17:05.059,1.1042100000000001,1.10419,1,1
08.11.2016 00:17:06.041,1.1042200000000002,1.10419,1.12,1
08.11.2016 00:17:06.546,1.1042200000000002,1.10418,1.87,1.12
08.11.2016 00:17:09.360,1.10419,1.10417,1,3.37
08.11.2016 00:17:09.465,1.10419,1.10416,1,1.87
08.11.2016 00:17:09.972,1.10418,1.10415,1.12,1
08.11.2016 00:17:15.152,1.10419,1.10415,1.5,2.25
08.11.2016 00:17:16.974,1.10418,1.10415,1.12,1
08.11.2016 00:17:18.808,1.10419,1.10415,1.12,2.62
08.11.2016 00:17:19.340,1.10418,1.10415,1,1
08.11.2016 00:17:21.573,1.10417,1.1041400000000001,1,1.37
08.11.2016 00:17:21.624,1.10417,1.10413,1,3
08.11.2016 00:17:23.147,1.10416,1.1041200000000002,3.75,4.5
08.11.2016 00:17:23.400,1.10415,1.1041100000000001,1.87,1.13
08.11.2016 00:17:23.928,1.1041400000000001,1.1041,1.87,1
08.11.2016 00:17:24.750,1.10415,1.1041,3.75,1.87
08.11.2016 00:17:25.255,1.1041400000000001,1.1041,2.25,1.38
08.11.2016 00:17:30.386,1.10415,1.1041,9,1.38
08.11.2016 00:17:32.042,1.1041400000000001,1.1041,1,4.88
08.11.2016 00:17:32.548,1.10413,1.1041,1,2.63
08.11.2016 00:17:34.297,1.1041200000000002,1.10409,1,2.62
08.11.2016 00:17:34.645,1.1041200000000002,1.10408,1.12,1.87
08.11.2016 00:17:37.738,1.1041200000000002,1.10409,1.87,1
08.11.2016 00:17:40.189,1.1041100000000001,1.10409,1,2.25
08.11.2016 00:17:41.589,1.1041200000000002,1.10409,4.5,2.62
08.11.2016 00:17:42.531,1.10413,1.1041,4.12,1
08.11.2016 00:17:55.988,1.1041400000000001,1.10409,6.75,4.12
08.11.2016 00:17:58.292,1.1041400000000001,1.10409,4.87,6.37
08.11.2016 00:17:59.487,1.10413,1.10409,1,4.87
08.11.2016 00:18:02.134,1.1041400000000001,1.10409,5.62,4.87
08.11.2016 00:18:02.457,1.1041400000000001,1.10409,2.25,7.12
08.11.2016 00:18:08.141,1.1041400000000001,1.10409,8.62,5.62
08.11.2016 00:18:08.687,1.1041400000000001,1.10409,8.62,5.62
08.11.2016 00:18:16.593,1.10413,1.10409,6.37,3.75
08.11.2016 00:18:17.888,1.10413,1.10409,4.87,4.12
08.11.2016 00:18:19.382,1.10413,1.10409,4.87,3
08.11.2016 00:18:19.931,1.10413,1.10409,3.37,3.37
08.11.2016 00:18:20.839,1.1041200000000002,1.10409,1,4.87
08.11.2016 00:18:21.843,1.10413,1.10409,4.87,4.12
08.11.2016 00:18:25.262,1.1041400000000001,1.1041,7.12,1.37
08.11.2016 00:18:27.240,1.10415,1.1041,6,6.37
08.11.2016 00:18:28.317,1.10415,1.1041100000000001,4.87,1.87
08.11.2016 00:18:31.409,1.10416,1.1041200000000002,2.25,5.62
08.11.2016 00:18:31.917,1.10417,1.1041200000000002,5.81,5.25
08.11.2016 00:18:32.841,1.10417,1.1041200000000002,8.81,1.87
08.11.2016 00:18:33.365,1.10417,1.1041200000000002,10.31,1.37
08.11.2016 00:18:33.697,1.10416,1.1041100000000001,8.44,1
08.11.2016 00:18:34.001,1.1041400000000001,1.1041100000000001,4.87,1
08.11.2016 00:18:34.506,1.10413,1.1041,1,1.12
08.11.2016 00:18:35.012,1.1041200000000002,1.1041,1,1.12
08.11.2016 00:18:36.348,1.1041400000000001,1.1041,4.12,1.12
08.11.2016 00:18:36.883,1.10413,1.1041,2.25,1.12
08.11.2016 00:18:38.487,1.1041400000000001,1.1041,4.12,1.12
08.11.2016 00:18:38.640,1.1041200000000002,1.1041,1,1.12
08.11.2016 00:18:38.792,1.10408,1.10407,1.12,6.75
08.11.2016 00:18:38.995,1.1041,1.10409,1,1.5
08.11.2016 00:18:40.154,1.1041100000000001,1.10408,3,2.25
08.11.2016 00:18:40.713,1.1041,1.10407,1,11.62
08.11.2016 00:18:41.068,1.10413,1.10409,5.62,4.87
08.11.2016 00:18:41.591,1.10413,1.1041,3,1.5
08.11.2016 00:18:42.104,1.1041200000000002,1.1041,1,1.12
08.11.2016 00:18:42.424,1.1041,1.10408,1,5.25
08.11.2016 00:18:42.931,1.1041100000000001,1.10408,1.5,1.5
08.11.2016 00:18:43.473,1.1041100000000001,1.10409,1,3.75
08.11.2016 00:18:43.978,1.1041,1.10409,1,1
08.11.2016 00:18:44.689,1.1041100000000001,1.10409,1,1
08.11.2016 00:18:45.196,1.1041,1.10407,1,15.37
08.11.2016 00:18:45.860,1.1041100000000001,1.10409,1,1.12
08.11.2016 00:18:46.164,1.10413,1.1041,4.12,1
08.11.2016 00:18:46.669,1.1041200000000002,1.1041,1,1
08.11.2016 00:18:48.213,1.10413,1.1041,3.37,1
08.11.2016 00:18:48.741,1.1041200000000002,1.1041,1,1
08.11.2016 00:18:54.408,1.10413,1.1041,3.37,1
08.11.2016 00:18:55.837,1.1041200000000002,1.1041,1,1
08.11.2016 00:18:56.340,1.1041200000000002,1.10409,1,5.62
08.11.2016 00:18:59.748,1.10413,1.10409,3.37,10.12
08.11.2016 00:18:59.850,1.1041100000000001,1.10409,1,7.12
08.11.2016 00:19:00.153,1.1041,1.10408,1,10.5
08.11.2016 00:19:00.658,1.1041100000000001,1.10409,1,1
08.11.2016 00:19:04.910,1.1041100000000001,1.10408,1,3.37
08.11.2016 00:19:07.239,1.1041,1.10408,1,4.87
08.11.2016 00:19:12.240,1.1041100000000001,1.10408,1,4.12
08.11.2016 00:19:15.844,1.1041,1.10408,1,3.75
08.11.2016 00:19:16.391,1.1041,1.10408,1,2.62
08.11.2016 00:19:16.442,1.1041200000000002,1.10408,1.87,1.12
08.11.2016 00:19:16.695,1.1041,1.10408,1,1.12
08.11.2016 00:19:16.847,1.1041,1.10406,5.62,1.12
08.11.2016 00:19:17.201,1.1041,1.10407,1.87,4.87
08.11.2016 00:19:20.040,1.1041,1.10407,4.87,1
08.11.2016 00:19:20.546,1.1041,1.10406,4.87,3
08.11.2016 00:19:31.537,1.1041,1.10409,1.12,1
08.11.2016 00:19:31.790,1.10413,1.10409,4.12,5.62
08.11.2016 00:19:32.093,1.1041100000000001,1.10409,1,1.87
08.11.2016 00:19:32.223,1.10413,1.10409,4.12,1.5
08.11.2016 00:19:32.502,1.1041100000000001,1.10408,1,6.75
08.11.2016 00:19:32.906,1.10413,1.10409,4.5,2.62
08.11.2016 00:19:34.655,1.10413,1.1041,1.87,1
08.11.2016 00:19:35.413,1.10413,1.10408,5.25,3
08.11.2016 00:19:35.941,1.10413,1.10408,5.25,3
08.11.2016 00:19:36.473,1.10413,1.10408,6,3
08.11.2016 00:19:38.221,1.1041200000000002,1.10408,1,2.25
08.11.2016 00:19:43.738,1.10413,1.10408,5.25,3.37
08.11.2016 00:19:44.245,1.1041200000000002,1.10408,2.25,1.87
08.11.2016 00:19:44.752,1.10413,1.10408,4.87,4.87
08.11.2016 00:19:49.689,1.1041400000000001,1.1041,6.75,1
08.11.2016 00:19:50.197,1.10415,1.1041,9.37,1.5
08.11.2016 00:19:50.740,1.10415,1.1041,5.62,3.37
08.11.2016 00:19:53.341,1.1041400000000001,1.1041,1,2.62
08.11.2016 00:19:55.443,1.1041400000000001,1.10409,8.25,4.12
08.11.2016 00:19:58.093,1.1041400000000001,1.1041,2.25,1.87
08.11.2016 00:20:15.372,1.1041400000000001,1.10409,6.37,3
08.11.2016 00:20:15.839,1.10413,1.10409,2.62,1.12
08.11.2016 00:20:18.963,1.1041200000000002,1.10407,6.37,17.62
08.11.2016 00:20:19.317,1.1041,1.10407,2.25,4.5
08.11.2016 00:20:19.843,1.1041100000000001,1.10406,5.25,3.37
08.11.2016 00:20:23.838,1.1041,1.10407,3.75,1
08.11.2016 00:20:23.940,1.1041100000000001,1.10407,5.25,1
08.11.2016 00:20:24.447,1.1041,1.10406,3.75,1
08.11.2016 00:20:27.489,1.10409,1.10406,1.12,1
08.11.2016 00:20:30.564,1.10409,1.10407,3.37,1
08.11.2016 00:20:30.615,1.1041,1.10408,3.75,1
08.11.2016 00:20:30.716,1.1041,1.10407,1.5,1.5
08.11.2016 00:20:30.767,1.1041100000000001,1.10407,3,3.37
08.11.2016 00:20:30.970,1.10413,1.10409,4.12,1.5
08.11.2016 00:20:36.595,1.10409,1.10408,2.25,9
08.11.2016 00:20:36.697,1.10408,1.10407,3.75,1.5
08.11.2016 00:20:36.798,1.10408,1.10405,5.25,3.37
08.11.2016 00:21:06.636,1.10408,1.10405,2.62,3
08.11.2016 00:21:07.162,1.10409,1.10405,1.87,3.37
08.11.2016 00:21:10.338,1.1041,1.10408,5.25,1
08.11.2016 00:21:10.540,1.1041200000000002,1.10409,1.87,2.25
08.11.2016 00:21:11.061,1.1041400000000001,1.10409,5.25,8.1
08.11.2016 00:21:11.568,1.1041400000000001,1.10409,4.12,13.87
08.11.2016 00:21:12.023,1.10415,1.1041100000000001,1.5,2.25
08.11.2016 00:21:12.528,1.10416,1.1041200000000002,4.5,1
08.11.2016 00:21:13.136,1.10416,1.1041200000000002,3.37,1.12
08.11.2016 00:21:14.087,1.10415,1.1041200000000002,1,1.87
08.11.2016 00:21:14.441,1.1041400000000001,1.1041100000000001,1.5,1
08.11.2016 00:21:14.946,1.10415,1.1041,4.5,5.62
08.11.2016 00:21:15.474,1.10415,1.1041100000000001,4.5,1
08.11.2016 00:21:15.987,1.10415,1.1041100000000001,4.12,1.12
08.11.2016 00:21:16.493,1.1041400000000001,1.1041100000000001,1.12,1
08.11.2016 00:21:17.099,1.1041400000000001,1.10409,6.75,4.72
08.11.2016 00:21:18.592,1.1041400000000001,1.1041,3.75,1.5
08.11.2016 00:21:19.105,1.1041400000000001,1.1041,3.37,1
08.11.2016 00:21:19.711,1.1041400000000001,1.10409,4.12,6.22
08.11.2016 00:21:20.216,1.10415,1.1041,6.75,1.5
08.11.2016 00:21:20.819,1.10413,1.1041,1,1.5
08.11.2016 00:21:21.526,1.1041400000000001,1.1041,4.12,1
08.11.2016 00:21:22.185,1.1041400000000001,1.10409,4.87,2.25
08.11.2016 00:21:24.236,1.1041400000000001,1.10409,3.75,7.35
08.11.2016 00:21:29.360,1.10413,1.1041,1,1.87
08.11.2016 00:21:30.636,1.10415,1.1041,8.62,1.87
08.11.2016 00:21:32.840,1.10415,1.1041,9,1
08.11.2016 00:21:37.000,1.10415,1.1041,6,5.47
08.11.2016 00:21:40.683,1.10415,1.1041100000000001,6.37,1
08.11.2016 00:21:41.190,1.10416,1.1041100000000001,5.25,7.12
08.11.2016 00:21:41.696,1.10416,1.10413,1.5,1
08.11.2016 00:21:42.217,1.10416,1.10413,1.12,1
08.11.2016 00:21:42.754,1.10417,1.1041200000000002,6.94,1
08.11.2016 00:21:42.956,1.10417,1.1041200000000002,7.31,1.5
08.11.2016 00:21:44.937,1.10417,1.10415,1.12,1
08.11.2016 00:21:45.140,1.1042,1.10416,5.06,1.12
08.11.2016 00:21:45.571,1.1042,1.10417,1.5,2.25
08.11.2016 00:21:45.723,1.1042100000000001,1.10418,1.12,1
08.11.2016 00:21:49.798,1.1042,1.10417,1,1.37
08.11.2016 00:21:50.051,1.10419,1.10415,1,2.62
08.11.2016 00:21:50.371,1.1042200000000002,1.10417,7.31,2.25
08.11.2016 00:21:50.776,1.1042,1.10415,5.62,2.25
08.11.2016 00:21:51.287,1.10418,1.10415,1,2.25
08.11.2016 00:21:51.811,1.10418,1.10416,1,2.62
08.11.2016 00:21:51.862,1.1042100000000001,1.10417,3,1
08.11.2016 00:21:54.150,1.1042,1.10416,4.12,1
08.11.2016 00:21:54.657,1.1042,1.10417,1.12,1
08.11.2016 00:21:55.162,1.1042100000000001,1.10418,2.25,1
08.11.2016 00:21:55.988,1.1042100000000001,1.10417,1.5,1
08.11.2016 00:21:56.497,1.1042,1.10416,2.62,1.87
08.11.2016 00:21:57.925,1.1042100000000001,1.10416,4.87,3.75
08.11.2016 00:21:58.913,1.1042100000000001,1.10417,1,4.5
08.11.2016 00:22:03.708,1.1042100000000001,1.10419,1.12,1
08.11.2016 00:22:04.213,1.1042200000000002,1.10419,1.12,1.12
08.11.2016 00:22:09.338,1.1042100000000001,1.10419,4.5,1
08.11.2016 00:22:09.491,1.1042,1.10417,2.25,1.87
08.11.2016 00:22:09.996,1.1042,1.10417,5.25,1
08.11.2016 00:22:10.198,1.1042,1.10415,6.75,3.97
08.11.2016 00:22:10.852,1.10418,1.10415,1,3.75
08.11.2016 00:22:13.037,1.10418,1.10415,1.12,3.75
08.11.2016 00:22:13.139,1.10416,1.10413,2.25,2.62
08.11.2016 00:22:13.294,1.1041,1.10409,1.12,3.56
08.11.2016 00:22:13.447,1.1041200000000002,1.1041100000000001,1.87,2.25
08.11.2016 00:22:13.549,1.1041400000000001,1.1041,3.75,1.87
08.11.2016 00:22:14.055,1.10413,1.1041,1,1.5
08.11.2016 00:22:14.662,1.1041400000000001,1.1041,1.12,1.5
08.11.2016 00:22:19.254,1.1041400000000001,1.10413,1.12,1
08.11.2016 00:22:19.457,1.10416,1.1041400000000001,1,6.37
08.11.2016 00:22:19.508,1.10418,1.10415,1.12,1
08.11.2016 00:22:20.017,1.10418,1.10416,1,1
08.11.2016 00:22:22.127,1.1042,1.10418,1.5,1.5
08.11.2016 00:22:22.324,1.10423,1.1042,1.5,1
08.11.2016 00:22:22.427,1.10424,1.1042,4.87,1
08.11.2016 00:22:24.078,1.10424,1.1042,2.25,3
08.11.2016 00:22:24.856,1.10425,1.1042100000000001,1.12,4.12
08.11.2016 00:22:26.341,1.10426,1.1042200000000002,3.75,1.5
08.11.2016 00:22:27.045,1.10424,1.1042,1.12,3.37
08.11.2016 00:22:27.551,1.10425,1.1042100000000001,3.37,1.12
08.11.2016 00:22:28.242,1.10424,1.1042100000000001,1,1
08.11.2016 00:22:28.832,1.10425,1.1042,1.87,6.37
08.11.2016 00:22:32.155,1.10424,1.1042100000000001,1,1.87
08.11.2016 00:22:32.661,1.10424,1.1042100000000001,1,1.12
08.11.2016 00:22:33.188,1.10425,1.1042100000000001,1.12,1.12
08.11.2016 00:22:33.694,1.10426,1.1042200000000002,3,2.25
08.11.2016 00:22:34.317,1.10425,1.1042,1.5,4.87
08.11.2016 00:22:35.226,1.10425,1.1042100000000001,1.5,4.5
08.11.2016 00:22:35.732,1.10424,1.1042100000000001,1,1.12
08.11.2016 00:22:36.237,1.10425,1.1042100000000001,1.5,4.12
08.11.2016 00:22:36.753,1.10424,1.1042100000000001,1,2.62
08.11.2016 00:22:37.310,1.10425,1.1042100000000001,1.12,4.12
08.11.2016 00:22:37.815,1.10424,1.1042100000000001,1.12,1
08.11.2016 00:22:38.320,1.10426,1.1042100000000001,2.25,4.5
08.11.2016 00:22:38.844,1.10425,1.1042100000000001,2.25,3.75
08.11.2016 00:22:39.390,1.10425,1.1042200000000002,1.12,1
08.11.2016 00:22:42.288,1.10424,1.1042100000000001,1,3.37
08.11.2016 00:22:42.641,1.10424,1.10423,1.12,1.5
08.11.2016 00:22:42.895,1.10427,1.10424,1.5,1.5
08.11.2016 00:22:43.400,1.10427,1.10423,1.12,5.47
08.11.2016 00:22:45.185,1.10427,1.10424,1.12,3
08.11.2016 00:22:47.150,1.10427,1.10425,1.12,1
08.11.2016 00:22:47.303,1.10429,1.10425,2.81,1.5
08.11.2016 00:22:47.836,1.10429,1.10426,1.12,3
08.11.2016 00:22:50.873,1.10429,1.10427,1.12,1
08.11.2016 00:22:55.203,1.10429,1.10426,1.5,1.5
08.11.2016 00:22:55.709,1.10428,1.10426,1,1
08.11.2016 00:22:56.234,1.10429,1.10427,1,1
08.11.2016 00:22:56.740,1.10429,1.10426,1.87,1
08.11.2016 00:22:58.289,1.10429,1.10425,4.12,1.5
08.11.2016 00:22:58.842,1.10428,1.10425,1,1
08.11.2016 00:23:01.225,1.10427,1.10425,1,1
08.11.2016 00:23:02.140,1.10428,1.10427,1.5,1
08.11.2016 00:23:02.647,1.10429,1.10427,1,1
08.11.2016 00:23:03.150,1.10429,1.10426,1,1
08.11.2016 00:23:04.059,1.10429,1.10427,1.5,1
08.11.2016 00:23:06.357,1.10429,1.10426,2.25,1
08.11.2016 00:23:06.762,1.10429,1.10427,1.5,1
08.11.2016 00:23:07.284,1.1043,1.10428,1.5,1
08.11.2016 00:23:08.259,1.10429,1.10427,1,1
08.11.2016 00:23:08.765,1.10429,1.10426,3,1
08.11.2016 00:23:11.241,1.10429,1.10425,2.62,6.37
08.11.2016 00:23:11.892,1.10428,1.10425,1,4.12
08.11.2016 00:23:14.638,1.10428,1.10427,1,1
08.11.2016 00:23:15.177,1.10429,1.10427,2.25,1
08.11.2016 00:23:17.639,1.10429,1.10426,1,1.12
08.11.2016 00:23:18.194,1.10429,1.10427,1,1
08.11.2016 00:23:18.955,1.10429,1.10426,1,3.37
08.11.2016 00:23:19.460,1.10428,1.10426,1.5,1
08.11.2016 00:23:21.642,1.10428,1.10427,1.5,1
08.11.2016 00:23:22.337,1.10429,1.10427,1.87,1
08.11.2016 00:23:22.489,1.10429,1.10425,1.87,1.87
08.11.2016 00:23:25.095,1.10428,1.10425,1,1.87
08.11.2016 00:23:26.534,1.10429,1.10425,2.62,1.87
08.11.2016 00:23:27.120,1.10428,1.10425,1,1.87
08.11.2016 00:23:27.676,1.10429,1.10425,2.62,1.12
08.11.2016 00:23:28.188,1.10428,1.10425,1,1.87
08.11.2016 00:23:28.588,1.10429,1.10427,1.12,1
08.11.2016 00:23:29.316,1.1043,1.10428,2.62,1
08.11.2016 00:23:30.429,1.1043,1.10428,6.75,1
08.11.2016 00:23:30.970,1.1043,1.10426,8.62,1.12
08.11.2016 00:23:32.021,1.1043,1.10427,9.22,1
08.11.2016 00:23:32.529,1.1043,1.10427,3.37,1
08.11.2016 00:23:32.934,1.1043200000000002,1.10429,7.12,1
08.11.2016 00:23:33.455,1.1043,1.10427,1.87,2.25
08.11.2016 00:23:34.213,1.10429,1.10427,1,1
08.11.2016 00:23:35.684,1.10429,1.10426,1,3.37
08.11.2016 00:23:36.189,1.10429,1.10427,1,1
08.11.2016 00:23:36.735,1.10429,1.10428,1,1
08.11.2016 00:23:37.240,1.10429,1.10427,1,1
08.11.2016 00:23:39.243,1.10429,1.10426,1,3.37
08.11.2016 00:23:39.699,1.10429,1.10428,1.87,1
08.11.2016 00:23:40.205,1.10429,1.10428,1.12,1
08.11.2016 00:23:40.528,1.10437,1.10435,2.25,1
08.11.2016 00:23:40.630,1.10437,1.10436,1.12,1.5
08.11.2016 00:23:40.731,1.10438,1.10436,3,1.5
08.11.2016 00:23:41.237,1.10439,1.10436,1.5,1
08.11.2016 00:23:41.502,1.10439,1.10437,1.5,1
08.11.2016 00:23:42.007,1.10439,1.10437,1.12,1
08.11.2016 00:23:42.389,1.10439,1.10436,1.12,3
08.11.2016 00:23:42.592,1.10439,1.10437,1.12,1
08.11.2016 00:23:43.097,1.10439,1.10437,1.12,1
08.11.2016 00:23:45.443,1.1044,1.10438,4.5,1
08.11.2016 00:23:45.955,1.1044,1.10437,3.75,1
08.11.2016 00:23:48.744,1.1044,1.10438,4.5,1
08.11.2016 00:23:50.384,1.1044,1.10437,3.75,1
08.11.2016 00:23:51.089,1.1044,1.10438,3,1
08.11.2016 00:23:51.886,1.1044,1.10438,2.25,1
08.11.2016 00:23:52.443,1.1044,1.10438,2.25,1
08.11.2016 00:23:52.987,1.1044,1.10437,2.25,1
08.11.2016 00:23:53.492,1.1044,1.10438,2.25,1
08.11.2016 00:23:54.022,1.1044,1.10438,2.25,1
08.11.2016 00:23:54.478,1.1044,1.10436,2.25,2.25
08.11.2016 00:23:57.454,1.1044,1.10435,5.25,2.62
08.11.2016 00:23:58.538,1.1044,1.10435,3.37,7.87
08.11.2016 00:23:58.994,1.1044100000000001,1.10438,1.75,1.5
08.11.2016 00:23:59.045,1.1044100000000001,1.10438,1,3.75
08.11.2016 00:23:59.197,1.10443,1.10438,1.5,5.44
08.11.2016 00:23:59.722,1.10444,1.10439,5.81,5.44
08.11.2016 00:24:03.990,1.10444,1.1044,2.81,1
08.11.2016 00:24:04.495,1.10444,1.1044,2.06,1.5
08.11.2016 00:24:05.663,1.10444,1.1044200000000002,1.37,1
08.11.2016 00:24:05.865,1.1044500000000002,1.1044200000000002,2.62,1
08.11.2016 00:24:06.673,1.1044500000000002,1.1044100000000001,5.62,1
08.11.2016 00:24:09.293,1.1044500000000002,1.1044200000000002,3,3.75
08.11.2016 00:24:09.496,1.10447,1.10444,3,1
08.11.2016 00:24:10.009,1.10447,1.10444,1.87,1
08.11.2016 00:24:12.604,1.10446,1.1044200000000002,5.25,5.44
08.11.2016 00:24:13.110,1.10446,1.1044200000000002,9.75,1.12
08.11.2016 00:24:13.646,1.10446,1.1044200000000002,6.37,1.12
08.11.2016 00:24:14.886,1.1044500000000002,1.1044100000000001,1,4.5
08.11.2016 00:24:17.688,1.10444,1.1044100000000001,1.5,1.5
08.11.2016 00:24:17.840,1.1044500000000002,1.1044,11.25,2.62
08.11.2016 00:24:22.439,1.1044500000000002,1.1044100000000001,4.87,1
08.11.2016 00:24:22.945,1.1044500000000002,1.1044,4.12,4.12
08.11.2016 00:24:23.491,1.1044500000000002,1.1044,4.5,5.62
08.11.2016 00:24:27.538,1.1044500000000002,1.1044,4.5,5.62
08.11.2016 00:24:29.841,1.1044500000000002,1.1044100000000001,3.75,1
08.11.2016 00:24:31.641,1.1044500000000002,1.1044100000000001,1.87,3
08.11.2016 00:24:35.703,1.1044500000000002,1.10443,1.5,1
08.11.2016 00:24:35.905,1.10447,1.10444,1.5,1.5
08.11.2016 00:24:43.100,1.10448,1.10444,1.5,4.5
08.11.2016 00:24:43.605,1.10448,1.1044500000000002,1.5,1
08.11.2016 00:24:57.836,1.10449,1.1044500000000002,3,4.87
08.11.2016 00:25:01.616,1.10449,1.10446,1.87,1
08.11.2016 00:25:05.767,1.1045,1.1044500000000002,4.12,7.87
08.11.2016 00:25:06.438,1.1045,1.1044500000000002,7.12,5.62
08.11.2016 00:25:06.972,1.1045,1.1044500000000002,6.37,4.87
08.11.2016 00:25:07.490,1.1045,1.1044500000000002,6,5.62
08.11.2016 00:25:07.998,1.1045,1.1044500000000002,8.62,4.87
08.11.2016 00:25:08.638,1.10449,1.1044500000000002,1.5,2.25
08.11.2016 00:25:15.990,1.10448,1.10444,1.12,6.37
08.11.2016 00:25:16.535,1.10448,1.1044500000000002,1.12,1.12
08.11.2016 00:25:17.063,1.10449,1.10446,4.12,1.12
08.11.2016 00:25:17.569,1.10449,1.1044500000000002,1.12,4.12
08.11.2016 00:25:19.887,1.10449,1.10446,2.62,1.12
08.11.2016 00:25:20.789,1.10449,1.1044500000000002,2.62,4.12
08.11.2016 00:25:21.326,1.10449,1.10446,2.62,1.12
08.11.2016 00:25:21.831,1.10449,1.1044500000000002,2.62,4.12
08.11.2016 00:25:28.689,1.10448,1.1044500000000002,1,3
08.11.2016 00:25:34.781,1.10448,1.10446,1,1
08.11.2016 00:25:35.099,1.10451,1.10447,2.81,2.25
08.11.2016 00:25:35.606,1.10451,1.10448,1.12,2.62
08.11.2016 00:25:39.670,1.1045200000000002,1.10449,2.25,1
08.11.2016 00:25:40.216,1.1045200000000002,1.10448,2.25,6
08.11.2016 00:25:47.187,1.10451,1.10449,1.12,1
08.11.2016 00:25:49.659,1.1045200000000002,1.10449,1.5,4.87
08.11.2016 00:25:49.710,1.10453,1.1045,2.62,1.87
08.11.2016 00:25:50.237,1.10454,1.10451,1.87,2.62
08.11.2016 00:25:51.900,1.10453,1.10451,1,1.5
08.11.2016 00:25:53.899,1.10454,1.10451,1.12,2.62
08.11.2016 00:25:54.405,1.10453,1.10451,1,2.25
08.11.2016 00:25:56.001,1.10453,1.1045,1,5.25
08.11.2016 00:25:56.752,1.10454,1.1045,1.12,5.25
08.11.2016 00:25:57.285,1.10453,1.1045,1,5.25
08.11.2016 00:25:58.900,1.10454,1.1045,1.12,5.25
08.11.2016 00:25:59.425,1.10453,1.1045,1,5.25
08.11.2016 00:26:01.011,1.1045200000000002,1.1045,1,5.62
08.11.2016 00:26:01.610,1.10453,1.1045,1,5.62
08.11.2016 00:26:02.157,1.1045200000000002,1.1045,1,5.62
08.11.2016 00:26:13.686,1.1045200000000002,1.1045,1,1.12
08.11.2016 00:26:14.730,1.1045200000000002,1.1045,1,1.12
08.11.2016 00:26:18.248,1.10451,1.1045,1,1.12
08.11.2016 00:26:18.853,1.1045200000000002,1.1045,1,1.12
08.11.2016 00:26:19.955,1.10451,1.1045,1,1.12
08.11.2016 00:26:20.732,1.1045,1.10449,1,1.12
08.11.2016 00:26:20.834,1.10448,1.10447,1,1
08.11.2016 00:26:21.055,1.10448,1.1044500000000002,3.75,3.37
08.11.2016 00:26:21.575,1.10447,1.1044500000000002,1,3.37
08.11.2016 00:26:22.086,1.10446,1.1044500000000002,1,1
08.11.2016 00:26:22.628,1.10447,1.1044500000000002,1.5,1
08.11.2016 00:26:30.136,1.10446,1.1044500000000002,1,1
08.11.2016 00:26:30.686,1.10447,1.10444,1.87,6.75
08.11.2016 00:26:35.320,1.10446,1.10444,1,5.25
08.11.2016 00:26:35.815,1.10447,1.10444,1.12,5.62
08.11.2016 00:26:36.337,1.10446,1.10444,1,6.75
08.11.2016 00:26:36.551,1.10448,1.10444,4.12,8.25
08.11.2016 00:26:36.956,1.10447,1.1044500000000002,1,1.87
08.11.2016 00:26:37.363,1.10444,1.1044200000000002,2.25,2.62
08.11.2016 00:26:38.121,1.1044500000000002,1.1044200000000002,1,1.5
08.11.2016 00:26:38.780,1.1044500000000002,1.10444,1,1
08.11.2016 00:26:39.286,1.10444,1.1044200000000002,1,3.37
08.11.2016 00:26:44.719,1.1044500000000002,1.10444,1,1
08.11.2016 00:26:45.225,1.1044500000000002,1.10443,1,1.12
08.11.2016 00:26:51.489,1.10444,1.1044200000000002,1,6
08.11.2016 00:26:51.996,1.10443,1.1044100000000001,1,3.37
08.11.2016 00:26:58.265,1.10444,1.1044100000000001,1,4.5
08.11.2016 00:26:58.813,1.10444,1.1044200000000002,1,1.69
08.11.2016 00:26:59.116,1.10444,1.1044100000000001,1,1.12
08.11.2016 00:26:59.818,1.10443,1.1044100000000001,1,1.87
08.11.2016 00:27:00.337,1.10444,1.1044100000000001,1,1
08.11.2016 00:27:01.189,1.10444,1.1044100000000001,1,6
08.11.2016 00:27:05.474,1.10443,1.1044100000000001,1,6
08.11.2016 00:27:05.979,1.10444,1.1044100000000001,1,4.12
08.11.2016 00:27:10.957,1.10443,1.1044100000000001,1,3.37
08.11.2016 00:27:11.489,1.10443,1.1044100000000001,1,2.62
08.11.2016 00:27:14.208,1.10444,1.1044100000000001,1,3
08.11.2016 00:27:14.750,1.10443,1.1044100000000001,1,3
08.11.2016 00:27:16.269,1.10444,1.1044100000000001,1,3
08.11.2016 00:27:16.818,1.10443,1.1044100000000001,1,3
08.11.2016 00:27:17.337,1.10443,1.1044100000000001,1,1.5
08.11.2016 00:27:21.760,1.10443,1.1044,1,5.62
08.11.2016 00:27:22.267,1.10443,1.1044,1,5.62
08.11.2016 00:27:26.142,1.1044200000000002,1.1044,1,4.87
08.11.2016 00:27:26.700,1.1044100000000001,1.10439,1,6.56
08.11.2016 00:27:27.490,1.1044100000000001,1.10439,1,3.56
08.11.2016 00:27:27.693,1.10438,1.10436,1,2.62
08.11.2016 00:27:27.846,1.10436,1.10435,1,1.12
08.11.2016 00:27:27.948,1.10438,1.10435,4.12,1
08.11.2016 00:27:28.454,1.10437,1.10435,1,1.5
08.11.2016 00:27:29.428,1.10438,1.10435,3,1.12
08.11.2016 00:27:30.061,1.10437,1.10435,1,1.12
08.11.2016 00:27:30.366,1.10435,1.1043200000000002,1,6.37
08.11.2016 00:27:35.264,1.10434,1.1043100000000001,1,9.75
08.11.2016 00:27:35.797,1.10435,1.1043100000000001,1,8.25
08.11.2016 00:27:39.385,1.10434,1.1043100000000001,1,7.5
08.11.2016 00:27:39.481,1.10433,1.1043100000000001,1.5,2.62
08.11.2016 00:27:39.635,1.1043200000000002,1.10429,1,2.62
08.11.2016 00:27:40.142,1.10433,1.1043,1,2.06
08.11.2016 00:27:42.886,1.1043200000000002,1.1043,1,1
08.11.2016 00:27:47.451,1.10433,1.1043,1,1
08.11.2016 00:27:52.535,1.1043,1.10428,1,19.12
08.11.2016 00:27:52.691,1.10426,1.10425,1.5,4.12
08.11.2016 00:27:52.794,1.10425,1.1042200000000002,3,3.94
08.11.2016 00:27:52.845,1.10424,1.1042200000000002,1,3
08.11.2016 00:27:52.896,1.10423,1.1042100000000001,1,1.12
08.11.2016 00:27:53.149,1.1042100000000001,1.10419,1.5,5.62
08.11.2016 00:27:53.302,1.1042,1.10419,1.2,1
08.11.2016 00:27:53.707,1.1042,1.10417,2.4,2.25
08.11.2016 00:27:55.054,1.10419,1.10417,1,1
08.11.2016 00:27:57.149,1.1042,1.10416,2.4,3.37
08.11.2016 00:27:57.564,1.1042,1.10419,1.2,2.25
08.11.2016 00:27:57.724,1.1042,1.10417,1.2,3
08.11.2016 00:28:03.824,1.10419,1.10416,1,2.25
08.11.2016 00:28:05.840,1.10417,1.10415,1,7.12
08.11.2016 00:28:05.993,1.1041400000000001,1.1041200000000002,1.87,1.5
08.11.2016 00:28:06.246,1.1041100000000001,1.1041,1,3.37
08.11.2016 00:28:06.407,1.1041100000000001,1.10409,2.02,1.12
08.11.2016 00:28:06.661,1.1041,1.10407,3.9,3.75
08.11.2016 00:28:07.366,1.1041,1.10409,1.2,1.5
08.11.2016 00:28:07.873,1.1041200000000002,1.10409,3,2.25
08.11.2016 00:28:11.504,1.1041200000000002,1.10409,1,3.75
08.11.2016 00:28:12.034,1.10413,1.1041,1,2.25
08.11.2016 00:28:12.621,1.1041400000000001,1.1041,1.12,3
08.11.2016 00:28:24.290,1.10415,1.1041100000000001,6.75,1
08.11.2016 00:28:24.686,1.10415,1.1041400000000001,4.12,1.5
08.11.2016 00:28:24.838,1.10417,1.1041400000000001,1.12,6
08.11.2016 00:28:24.889,1.10419,1.10416,6.37,1
08.11.2016 00:28:25.041,1.10419,1.10417,1,1
08.11.2016 00:28:25.546,1.1042,1.10417,5.81,1
08.11.2016 00:28:26.127,1.1042,1.10416,4.31,2.62
08.11.2016 00:28:26.632,1.1042,1.10417,4.31,1
08.11.2016 00:28:29.341,1.1042100000000001,1.10417,7.5,1.87
08.11.2016 00:28:29.443,1.1042100000000001,1.10419,4.5,1
08.11.2016 00:28:29.993,1.1042200000000002,1.10419,6.75,2.25
08.11.2016 00:28:31.239,1.1042100000000001,1.10418,3,2.06
08.11.2016 00:28:31.740,1.1042100000000001,1.10418,3,1.31
08.11.2016 00:29:01.086,1.1042200000000002,1.10418,6.75,1
08.11.2016 00:29:12.390,1.1042100000000001,1.10418,3.75,1
08.11.2016 00:29:12.593,1.1042,1.10416,1.87,2.62
08.11.2016 00:29:18.648,1.10419,1.10416,1,1.12
08.11.2016 00:29:19.157,1.1042,1.10416,7.12,1
08.11.2016 00:29:19.662,1.1042,1.10416,1,4.87
08.11.2016 00:29:21.336,1.1042100000000001,1.10416,8.62,4.5
08.11.2016 00:29:21.846,1.1042100000000001,1.10418,1.12,1
08.11.2016 00:29:26.408,1.1042200000000002,1.10418,7.5,1.12
08.11.2016 00:29:30.598,1.1042100000000001,1.10418,1,1.12
08.11.2016 00:29:35.991,1.1042100000000001,1.10417,12,1
08.11.2016 00:29:36.497,1.1042100000000001,1.10417,1.87,3.75
08.11.2016 00:29:43.964,1.1042100000000001,1.10417,1.12,3.75
08.11.2016 00:29:44.488,1.1042200000000002,1.10417,7.12,5.25
08.11.2016 00:29:45.189,1.1042,1.10417,1.87,1.87
08.11.2016 00:29:46.848,1.10419,1.10416,1,2.25
08.11.2016 00:29:47.356,1.10419,1.10416,1.12,1
08.11.2016 00:29:49.446,1.1042100000000001,1.10416,5.62,5.62
08.11.2016 00:29:53.488,1.1042100000000001,1.10418,1.12,1
08.11.2016 00:29:55.292,1.1042100000000001,1.10417,1.12,2.62
08.11.2016 00:30:02.252,1.1042100000000001,1.10417,1.87,3
08.11.2016 00:30:02.505,1.10423,1.10418,4.5,3.37
08.11.2016 00:30:03.031,1.10423,1.10418,4.5,3.37
08.11.2016 00:30:03.976,1.1042200000000002,1.10418,1,2.62
08.11.2016 00:30:05.230,1.1042200000000002,1.10419,2.25,2.25
08.11.2016 00:30:05.434,1.10424,1.1042,2.06,4.12
08.11.2016 00:30:06.669,1.10425,1.1042,8.62,7.5
08.11.2016 00:30:07.074,1.10425,1.10423,1,1
08.11.2016 00:30:07.601,1.10426,1.1042200000000002,4.87,1.12
08.11.2016 00:30:08.135,1.10426,1.10423,1,1.12
08.11.2016 00:30:09.600,1.10426,1.1042100000000001,12.75,4.31
08.11.2016 00:30:10.137,1.10425,1.1042100000000001,3.75,2.81
08.11.2016 00:30:20.497,1.10425,1.1042100000000001,1.5,4.69
08.11.2016 00:30:21.013,1.10426,1.1042100000000001,7.87,5.44
08.11.2016 00:30:21.835,1.10426,1.1042100000000001,6.37,3.56
08.11.2016 00:30:25.044,1.10425,1.1042100000000001,2.25,3.56
08.11.2016 00:30:28.022,1.10426,1.1042100000000001,7.87,5.44
08.11.2016 00:30:31.249,1.10426,1.1042200000000002,6.75,1
08.11.2016 00:30:33.189,1.10425,1.1042100000000001,2.25,3.94
08.11.2016 00:30:47.669,1.10424,1.1042100000000001,1.5,1.87
08.11.2016 00:30:48.277,1.10424,1.10419,5.62,8.85
08.11.2016 00:30:49.246,1.10424,1.10419,4.5,7.73
08.11.2016 00:30:52.485,1.10424,1.10419,6,9.98
08.11.2016 00:30:55.987,1.10424,1.10419,4.87,11.48
08.11.2016 00:30:59.674,1.10424,1.1042,1.5,5.62
08.11.2016 00:31:02.684,1.10425,1.1042100000000001,4.87,1.5
08.11.2016 00:31:03.465,1.10424,1.1042100000000001,1,1.12
08.11.2016 00:31:04.296,1.10425,1.1042100000000001,5.25,1.12
08.11.2016 00:31:05.355,1.10424,1.1042100000000001,1.5,1.5
08.11.2016 00:31:05.861,1.10424,1.1042,3,1.5
08.11.2016 00:31:21.888,1.10423,1.1042,1,1.5
08.11.2016 00:31:23.186,1.10424,1.1042,3.75,1.5
08.11.2016 00:31:29.037,1.10424,1.1042,3.37,2.25
08.11.2016 00:31:31.572,1.10424,1.1042,4.5,1.5
08.11.2016 00:31:32.386,1.10423,1.1042,1,1.12
08.11.2016 00:31:32.591,1.1042100000000001,1.1042,3,1.12
08.11.2016 00:31:32.745,1.1042100000000001,1.10417,3.37,1.37
08.11.2016 00:31:33.099,1.10419,1.10416,1,3
08.11.2016 00:31:33.302,1.10419,1.10415,1.87,3.19
08.11.2016 00:31:37.389,1.10419,1.10415,5.62,1.31
08.11.2016 00:31:39.135,1.10417,1.10415,1,1.25
08.11.2016 00:31:41.816,1.10416,1.1041400000000001,1,5.06
08.11.2016 00:31:43.738,1.10418,1.10415,2.25,2.81
08.11.2016 00:31:43.941,1.10419,1.10416,3,1
08.11.2016 00:31:50.401,1.1042,1.10416,6,1.12
08.11.2016 00:31:51.138,1.10419,1.10416,1.12,1.12
08.11.2016 00:31:51.681,1.10418,1.10416,1.12,1
08.11.2016 00:31:52.338,1.10419,1.10416,2.25,1.12
08.11.2016 00:31:52.858,1.10418,1.10416,1.12,1
08.11.2016 00:31:54.266,1.10419,1.10415,3,6.04
08.11.2016 00:31:54.808,1.10418,1.10415,1,6.04
08.11.2016 00:31:55.338,1.10419,1.10416,3.37,1
08.11.2016 00:31:56.236,1.10418,1.10415,1,3.19
08.11.2016 00:31:57.287,1.10419,1.10416,3,1.12
08.11.2016 00:32:01.839,1.10419,1.10416,1.87,1
08.11.2016 00:32:04.168,1.10418,1.10416,3.37,1
08.11.2016 00:32:04.421,1.10415,1.1041400000000001,1,1.12
08.11.2016 00:32:04.493,1.10415,1.10413,6,1.87
08.11.2016 00:32:04.695,1.1041400000000001,1.1041,4.87,3.75
08.11.2016 00:32:06.209,1.10413,1.1041,1.5,1.87
08.11.2016 00:32:08.263,1.10413,1.1041,3.37,1.87
08.11.2016 00:32:08.365,1.1041,1.10409,1.5,1.12
08.11.2016 00:32:08.517,1.1041,1.10407,3.75,1.5
08.11.2016 00:32:09.024,1.10409,1.10407,2.25,1.12
08.11.2016 00:32:12.093,1.10408,1.10407,1,1.12
08.11.2016 00:32:12.599,1.10409,1.10405,3.37,7.5
08.11.2016 00:32:21.746,1.10408,1.10405,1.5,7.5
08.11.2016 00:32:22.253,1.10409,1.10405,3.37,9.75
08.11.2016 00:32:24.197,1.10408,1.10405,1,9
08.11.2016 00:32:24.715,1.1041,1.10406,5.25,1.5
08.11.2016 00:32:42.235,1.10409,1.10406,1.12,1.87
08.11.2016 00:32:42.786,1.10409,1.10406,1.12,1.87
08.11.2016 00:32:45.343,1.1041,1.10406,4.5,2.62
08.11.2016 00:32:48.805,1.1041,1.10409,3,1
08.11.2016 00:32:48.958,1.1041200000000002,1.1041100000000001,1.5,1
08.11.2016 00:32:49.488,1.10413,1.1041100000000001,1,2.62
08.11.2016 00:32:54.090,1.1041100000000001,1.1041,1,2.25
08.11.2016 00:32:54.142,1.1041,1.10409,1,2.25
08.11.2016 00:32:54.688,1.1041,1.10407,3,1.5
08.11.2016 00:32:55.231,1.1041,1.10407,2.25,1.12
08.11.2016 00:32:57.588,1.1041100000000001,1.10407,5.47,2.25
08.11.2016 00:32:59.188,1.1041100000000001,1.10409,4.12,1.5
08.11.2016 00:32:59.493,1.10413,1.1041100000000001,2.62,1
08.11.2016 00:33:01.141,1.1041200000000002,1.1041100000000001,1,1
08.11.2016 00:33:02.384,1.1041200000000002,1.10409,1,5.25
08.11.2016 00:33:02.924,1.10413,1.10409,4.72,4.12
08.11.2016 00:33:04.035,1.1041100000000001,1.10409,1,3.75
08.11.2016 00:33:04.540,1.1041100000000001,1.10407,5.47,1.87
08.11.2016 00:33:05.049,1.1041,1.10407,4.87,1
08.11.2016 00:33:13.638,1.10409,1.10407,1,1
08.11.2016 00:33:21.229,1.10409,1.10405,5.25,5.63
08.11.2016 00:33:40.064,1.10408,1.10406,1,1
08.11.2016 00:33:42.256,1.10409,1.10406,5.47,1
08.11.2016 00:33:53.586,1.10408,1.10406,1,1
08.11.2016 00:33:56.390,1.10407,1.10406,1,1
08.11.2016 00:33:59.071,1.10409,1.10408,2.25,1
08.11.2016 00:33:59.172,1.10409,1.10408,1.12,1
08.11.2016 00:33:59.274,1.1041100000000001,1.10409,2.25,2.25
08.11.2016 00:33:59.825,1.1041100000000001,1.1041,1,1
08.11.2016 00:34:00.340,1.1041100000000001,1.10409,1,6.37
08.11.2016 00:34:00.888,1.1041100000000001,1.1041,1,1
08.11.2016 00:34:02.034,1.1041100000000001,1.10409,1,6.37
08.11.2016 00:34:02.237,1.1041400000000001,1.1041,7.35,1
08.11.2016 00:34:04.038,1.1041400000000001,1.1041,5.47,1.12
08.11.2016 00:34:06.340,1.10413,1.1041,1,1.5
08.11.2016 00:34:08.820,1.10413,1.10409,3.22,3.37
08.11.2016 00:34:09.487,1.10413,1.1041,2.47,1.12
08.11.2016 00:34:14.012,1.10413,1.1041,2.62,2.25
08.11.2016 00:34:17.185,1.1041200000000002,1.10409,1,5.25
08.11.2016 00:34:17.691,1.1041200000000002,1.10409,1,5.25
08.11.2016 00:34:24.028,1.10413,1.10409,1.12,7.5
08.11.2016 00:34:24.539,1.1041200000000002,1.10409,1,7.5
08.11.2016 00:34:25.340,1.10413,1.10409,6.22,4.12
08.11.2016 00:34:25.855,1.10413,1.1041,3.22,1.12
08.11.2016 00:34:26.840,1.1041200000000002,1.1041,1,1.12
08.11.2016 00:34:27.390,1.10413,1.1041,1.12,1
08.11.2016 00:34:27.936,1.1041200000000002,1.1041,1,1.12
08.11.2016 00:34:28.417,1.1041,1.10409,2.25,1
08.11.2016 00:34:28.519,1.1041,1.10407,3,1.12
08.11.2016 00:34:36.744,1.10409,1.10407,1.5,1.12
08.11.2016 00:34:37.287,1.10409,1.10405,3.37,1.51
08.11.2016 00:34:42.561,1.1041,1.10406,5.06,1.01
08.11.2016 00:34:43.084,1.1041,1.10406,7.69,1.38
08.11.2016 00:34:46.323,1.10409,1.10405,1,3.01
08.11.2016 00:34:48.217,1.10409,1.10405,2.62,3.38
08.11.2016 00:34:58.709,1.1041,1.10406,8.44,1.5
08.11.2016 00:35:02.114,1.1041,1.10407,6.37,1
08.11.2016 00:35:02.638,1.1041100000000001,1.10407,5.1,1.5
08.11.2016 00:35:06.189,1.1041100000000001,1.10409,3.6,1
08.11.2016 00:35:06.613,1.10413,1.1041,1.12,1
08.11.2016 00:35:07.119,1.1041200000000002,1.10409,1,1
08.11.2016 00:35:07.637,1.1041100000000001,1.10407,1,8.06
08.11.2016 00:35:17.178,1.1041200000000002,1.10408,6.22,1.25
08.11.2016 00:35:17.759,1.1041100000000001,1.10408,1,1
08.11.2016 00:35:18.288,1.1041,1.10406,3.37,2.25
08.11.2016 00:35:20.706,1.1041100000000001,1.10406,6,4.87
08.11.2016 00:35:25.360,1.1041,1.10406,3,4.12
08.11.2016 00:35:26.540,1.1041,1.10406,5.62,1.5
08.11.2016 00:35:27.064,1.10409,1.10405,4.72,3.37
08.11.2016 00:35:44.514,1.1041,1.10408,6,1
08.11.2016 00:35:44.666,1.1041100000000001,1.10409,1.12,1.5
08.11.2016 00:35:45.171,1.10413,1.1041,2.47,1.25
08.11.2016 00:35:45.676,1.10413,1.1041,1.72,1.25
08.11.2016 00:35:47.715,1.1041200000000002,1.1041,1,1
08.11.2016 00:35:49.136,1.1041200000000002,1.10409,1,3.37
08.11.2016 00:35:51.442,1.10413,1.1041,3.22,1
08.11.2016 00:35:52.450,1.10413,1.10409,2.47,4.87
08.11.2016 00:35:53.337,1.1041200000000002,1.1041,1,1
08.11.2016 00:35:54.542,1.10413,1.1041,1.3,1
08.11.2016 00:35:55.657,1.1041100000000001,1.1041,1,1
08.11.2016 00:35:56.184,1.1041200000000002,1.10409,1,4.12
08.11.2016 00:36:01.037,1.10413,1.10409,3.22,4.12
08.11.2016 00:36:01.543,1.1041200000000002,1.10409,1,4.12
08.11.2016 00:36:07.986,1.10413,1.10409,2.47,4.12
08.11.2016 00:36:08.497,1.10413,1.10409,2.47,5.25
08.11.2016 00:36:09.031,1.10413,1.10409,1.72,4.5
08.11.2016 00:36:16.188,1.1041200000000002,1.10409,1,6
08.11.2016 00:36:18.185,1.10413,1.10409,1.72,6.75
08.11.2016 00:36:19.978,1.10413,1.1041,1.12,2.62
08.11.2016 00:36:20.488,1.1041400000000001,1.1041,1.87,5.44
08.11.2016 00:36:21.523,1.10415,1.10413,6.37,1
08.11.2016 00:36:21.674,1.10417,1.1041400000000001,1.12,1.37
08.11.2016 00:36:22.205,1.10418,1.10415,1,1
08.11.2016 00:36:26.964,1.10419,1.10415,1.12,3.75
08.11.2016 00:36:27.470,1.10419,1.10415,1.12,4.5
08.11.2016 00:36:32.183,1.1042,1.10416,5.06,1.87
08.11.2016 00:36:32.640,1.10418,1.10416,1,1.5
08.11.2016 00:36:33.147,1.10419,1.10416,1,1.87
08.11.2016 00:36:36.360,1.10418,1.10416,1,1.12
08.11.2016 00:36:36.887,1.10418,1.10415,2.25,1.12
08.11.2016 00:36:37.754,1.10419,1.10415,3.37,2.62
08.11.2016 00:36:38.286,1.10418,1.10415,1,1.12
08.11.2016 00:36:42.312,1.10418,1.10415,1,6.75
08.11.2016 00:36:43.886,1.10419,1.10415,1,6.75
08.11.2016 00:36:44.740,1.10418,1.10415,1,7.5
08.11.2016 00:36:45.359,1.10419,1.10415,1,9.75
08.11.2016 00:36:49.880,1.1042,1.10416,3.22,2.62
08.11.2016 00:36:51.471,1.10419,1.10416,1,1.5
08.11.2016 00:36:51.980,1.10419,1.10416,1.5,1
08.11.2016 00:36:57.890,1.10418,1.1041400000000001,1.87,10.87
08.11.2016 00:36:58.565,1.10418,1.10415,1.12,1
08.11.2016 00:37:06.290,1.10419,1.10415,2.85,1.12
08.11.2016 00:37:13.236,1.1042,1.10416,5.47,2.25
08.11.2016 00:37:13.287,1.1042,1.10419,2.62,1
08.11.2016 00:37:13.558,1.10423,1.1042200000000002,1.12,1
08.11.2016 00:37:13.609,1.10425,1.10423,7.31,1
08.11.2016 00:37:13.660,1.10425,1.10424,5.62,2.25
08.11.2016 00:37:13.711,1.10427,1.10424,1.87,5.25
08.11.2016 00:37:14.016,1.10429,1.10425,5.25,1
08.11.2016 00:37:14.220,1.10429,1.10427,2.25,1
08.11.2016 00:37:14.725,1.10429,1.10426,1,1.12
08.11.2016 00:37:21.537,1.10428,1.10425,3,2.25
08.11.2016 00:37:21.740,1.10425,1.1042200000000002,1,4.87
08.11.2016 00:37:22.844,1.10425,1.1042100000000001,1.12,3
08.11.2016 00:37:28.115,1.10424,1.1042100000000001,1,1
08.11.2016 00:37:35.639,1.10425,1.1042100000000001,1.87,1.37
08.11.2016 00:37:37.209,1.10426,1.10424,4.87,1.5
08.11.2016 00:37:37.715,1.10426,1.10425,1,1
08.11.2016 00:37:38.239,1.10429,1.10425,3.75,1
08.11.2016 00:37:45.680,1.10428,1.10425,1.5,1
08.11.2016 00:37:55.890,1.10427,1.10424,1.12,6.75
08.11.2016 00:37:56.488,1.10427,1.10425,1.12,1
08.11.2016 00:38:07.490,1.10426,1.10424,1,2.62
08.11.2016 00:38:07.694,1.10425,1.1042100000000001,1.87,1.37
08.11.2016 00:38:07.846,1.10423,1.1042,1,5.62
08.11.2016 00:38:08.351,1.10423,1.1042,1.12,2.25
08.11.2016 00:38:35.689,1.1042200000000002,1.1042,1,1
08.11.2016 00:38:52.788,1.1042200000000002,1.1042100000000001,1,1
08.11.2016 00:38:52.991,1.10425,1.1042100000000001,4.31,2.25
08.11.2016 00:38:53.200,1.10425,1.10424,1.5,2.25
08.11.2016 00:38:53.302,1.10427,1.10424,1.5,4.87
08.11.2016 00:38:53.808,1.10428,1.10425,1,1.5
08.11.2016 00:38:54.338,1.10428,1.10425,1,2.62
08.11.2016 00:39:01.441,1.10428,1.10425,1,1
08.11.2016 00:39:03.338,1.10428,1.10423,6,5.25
08.11.2016 00:39:08.339,1.10428,1.10425,3,1.5
08.11.2016 00:39:08.845,1.10429,1.10425,2.25,2.25
08.11.2016 00:39:09.190,1.10429,1.10424,4.12,4.87
08.11.2016 00:39:11.493,1.10428,1.10424,1,7.5
08.11.2016 00:39:12.229,1.10427,1.10424,1,3
08.11.2016 00:39:12.743,1.10428,1.10424,1,7.87
08.11.2016 00:39:13.465,1.10428,1.10425,1,2.25
08.11.2016 00:39:13.970,1.10429,1.10426,2.25,1
08.11.2016 00:39:14.475,1.10428,1.10425,1,1.87
08.11.2016 00:39:15.539,1.10429,1.10425,2.25,5.62
08.11.2016 00:39:16.097,1.1043,1.10426,2.06,2.62
08.11.2016 00:39:17.114,1.10428,1.10426,1,1.12
08.11.2016 00:39:17.614,1.10428,1.10424,1,3.37
08.11.2016 00:39:17.765,1.10426,1.10423,1,3
08.11.2016 00:39:18.272,1.10427,1.1042200000000002,1.87,6
08.11.2016 00:39:23.151,1.10428,1.10424,1.12,5.25
08.11.2016 00:39:23.656,1.10427,1.10424,1,1.87
08.11.2016 00:39:25.546,1.10427,1.10423,1,3.37
08.11.2016 00:39:35.481,1.10425,1.10423,1.5,1.37
08.11.2016 00:39:35.582,1.10425,1.1042100000000001,5.62,2.62
08.11.2016 00:39:36.088,1.10425,1.1042100000000001,1.12,1.12
08.11.2016 00:39:40.801,1.10425,1.10423,1.12,3
08.11.2016 00:39:40.954,1.10428,1.10424,6.37,3
08.11.2016 00:39:41.308,1.10429,1.10425,6.37,1
08.11.2016 00:39:50.826,1.10428,1.10424,1,2.85
08.11.2016 00:39:51.331,1.10427,1.10424,1,1.12
08.11.2016 00:39:58.812,1.10426,1.1042200000000002,2.25,5.1
08.11.2016 00:39:59.166,1.10424,1.1042100000000001,1,2.25
08.11.2016 00:39:59.217,1.10425,1.1042100000000001,3.37,1.87
08.11.2016 00:40:00.987,1.10424,1.1042100000000001,1,1.87
08.11.2016 00:40:01.493,1.10423,1.1042100000000001,1,1.5
08.11.2016 00:40:02.278,1.10424,1.1042100000000001,1.87,1.5
08.11.2016 00:40:06.068,1.10425,1.1042100000000001,1.87,1.87
08.11.2016 00:40:25.540,1.10424,1.1042100000000001,1.5,1
08.11.2016 00:40:25.591,1.1042100000000001,1.1042,6.75,2.44
08.11.2016 00:40:25.743,1.10419,1.10417,1,1
08.11.2016 00:40:25.844,1.10418,1.10415,1,1.12
08.11.2016 00:40:31.141,1.10417,1.10415,1,1.12
08.11.2016 00:40:31.546,1.10415,1.10413,1,5.25
08.11.2016 00:40:31.698,1.10415,1.1041100000000001,1.87,1.5
08.11.2016 00:40:31.749,1.10413,1.1041100000000001,1,1.5
08.11.2016 00:40:32.716,1.10415,1.1041100000000001,1.5,3.75
08.11.2016 00:40:33.243,1.10413,1.10409,1,9.75
08.11.2016 00:40:33.547,1.10413,1.1041200000000002,1,1
08.11.2016 00:40:34.079,1.10415,1.1041200000000002,3.37,1
08.11.2016 00:40:34.600,1.10413,1.1041200000000002,1,1
08.11.2016 00:40:35.055,1.10415,1.1041200000000002,1.12,1
08.11.2016 00:40:35.562,1.1041400000000001,1.1041200000000002,4.12,1
08.11.2016 00:40:38.671,1.1041400000000001,1.10409,4.87,2.85
08.11.2016 00:40:39.805,1.1041400000000001,1.10409,5.25,3.22
08.11.2016 00:40:40.791,1.1041,1.10409,1,1.12
08.11.2016 00:40:40.943,1.1041,1.10406,4.5,2.25
08.11.2016 00:40:41.449,1.1041,1.10406,6,1.12
08.11.2016 00:40:41.954,1.1041,1.10406,1,5.47
08.11.2016 00:40:42.964,1.10409,1.10406,2.62,2.25
08.11.2016 00:40:43.471,1.10409,1.10404,2.25,13.87
08.11.2016 00:40:55.939,1.1041,1.10406,7.87,3.22
08.11.2016 00:40:57.278,1.10409,1.10406,1,2.47
08.11.2016 00:40:57.380,1.10406,1.10405,3,1.87
08.11.2016 00:40:57.534,1.10406,1.10404,1.12,2.62
08.11.2016 00:40:57.788,1.10409,1.10405,4.12,2.25
08.11.2016 00:40:57.890,1.10409,1.10407,3,1
08.11.2016 00:40:58.418,1.1041,1.10407,1,3.37
08.11.2016 00:40:58.926,1.1041,1.10407,1,3.37
08.11.2016 00:41:03.490,1.1041,1.10409,1,1
08.11.2016 00:41:04.008,1.1041200000000002,1.10409,3.75,1
08.11.2016 00:41:12.181,1.1041100000000001,1.10408,6.37,1.12
08.11.2016 00:41:12.687,1.1041,1.10407,3.37,1
08.11.2016 00:41:14.643,1.1041100000000001,1.10407,1.5,4.35
08.11.2016 00:41:15.190,1.1041200000000002,1.10407,6,4.35
08.11.2016 00:41:15.938,1.1041200000000002,1.10407,5.62,2.85
08.11.2016 00:41:16.495,1.1041200000000002,1.10409,4.87,1
08.11.2016 00:41:16.698,1.10413,1.1041,1.5,2.06
08.11.2016 00:41:17.242,1.1041400000000001,1.1041,1.12,3.56
08.11.2016 00:41:17.745,1.10413,1.1041,2.25,1.12
08.11.2016 00:41:18.010,1.1041200000000002,1.10407,6.75,3.97
08.11.2016 00:41:23.107,1.1041100000000001,1.10407,1,3.37
08.11.2016 00:41:23.412,1.10409,1.10407,1,1.12
08.11.2016 00:41:23.918,1.1041,1.10406,2.62,1.5
08.11.2016 00:41:31.177,1.1041100000000001,1.10406,8.62,4.12
08.11.2016 00:41:33.847,1.10409,1.10406,1,4.87
08.11.2016 00:41:33.949,1.1041200000000002,1.10407,7.31,4.12
08.11.2016 00:41:34.480,1.1041200000000002,1.10407,6.19,3
08.11.2016 00:41:44.943,1.1041200000000002,1.10409,2.62,3
08.11.2016 00:41:45.146,1.1041400000000001,1.1041100000000001,1.75,1.5
08.11.2016 00:41:45.197,1.10415,1.1041100000000001,2.06,2.62
08.11.2016 00:41:45.703,1.10415,1.1041100000000001,1.5,5.25
08.11.2016 00:41:48.861,1.10416,1.1041100000000001,16.87,3
08.11.2016 00:41:50.952,1.10415,1.1041100000000001,1.5,3.75
08.11.2016 00:41:53.772,1.10415,1.1041100000000001,5.62,1.5
08.11.2016 00:41:55.889,1.10415,1.1041100000000001,5.62,1
08.11.2016 00:42:05.143,1.1041400000000001,1.1041,1,3.15
08.11.2016 00:42:07.867,1.1041400000000001,1.10409,7.5,1
08.11.2016 00:42:08.518,1.1041200000000002,1.10409,1.5,1
08.11.2016 00:42:09.040,1.1041200000000002,1.10408,3.37,2.25
08.11.2016 00:42:12.866,1.1041100000000001,1.10408,1,1.5
08.11.2016 00:42:13.371,1.1041,1.10407,1.5,1.12
08.11.2016 00:42:15.894,1.1041,1.10406,1.12,1.87
08.11.2016 00:42:19.975,1.1041,1.10406,2.62,1.5
08.11.2016 00:42:20.792,1.10406,1.10405,2.25,6.07
08.11.2016 00:42:20.995,1.10406,1.10403,2.25,1.12
08.11.2016 00:42:31.303,1.10407,1.10403,2.62,1.12
08.11.2016 00:42:47.038,1.10407,1.10404,1.87,1.37
08.11.2016 00:42:47.546,1.10409,1.10404,5.62,3.37
08.11.2016 00:42:54.640,1.10406,1.10404,3,1.87
08.11.2016 00:42:55.147,1.10406,1.10403,8.25,1
08.11.2016 00:42:55.652,1.10405,1.10403,1,1
08.11.2016 00:43:01.568,1.10406,1.10403,6.75,1
08.11.2016 00:43:02.090,1.10405,1.1040200000000002,1,1.12
08.11.2016 00:43:04.188,1.10406,1.1040200000000002,6,1.12
08.11.2016 00:43:06.191,1.10405,1.1040200000000002,1,1.12
08.11.2016 00:43:08.692,1.10406,1.1040200000000002,4.12,1.12
08.11.2016 00:43:09.213,1.10406,1.1040200000000002,1.5,3.75
08.11.2016 00:43:09.732,1.10408,1.10403,8.81,2.25
08.11.2016 00:43:15.838,1.10408,1.10403,3.37,6.75
08.11.2016 00:43:16.888,1.10406,1.10404,1,1
08.11.2016 00:43:17.410,1.10406,1.1040200000000002,1.5,2.25
08.11.2016 00:43:17.950,1.10407,1.10403,1.87,1.12
08.11.2016 00:43:24.069,1.10405,1.1040200000000002,1.12,4.12
08.11.2016 00:43:24.641,1.10406,1.1040200000000002,5.62,1.12
08.11.2016 00:43:28.537,1.10406,1.1040200000000002,10.87,1.12
08.11.2016 00:43:50.192,1.10405,1.10403,1,1.5
08.11.2016 00:43:50.555,1.10407,1.10406,3.75,1.5
08.11.2016 00:43:50.708,1.10408,1.10407,2.25,2.25
08.11.2016 00:43:50.760,1.10409,1.10407,1.87,2.25
08.11.2016 00:43:51.301,1.10409,1.10408,1.5,6.75
08.11.2016 00:43:51.453,1.1041100000000001,1.10409,3.94,2.25
08.11.2016 00:43:51.908,1.1041200000000002,1.1041,6.37,1.5
08.11.2016 00:43:51.959,1.10413,1.1041200000000002,2.62,1.5
08.11.2016 00:43:52.352,1.10415,1.10413,1,2.62
08.11.2016 00:43:52.894,1.10417,1.10416,4.12,1.5
08.11.2016 00:43:52.995,1.10418,1.10417,1.87,1
08.11.2016 00:43:53.250,1.1042,1.10418,1.5,1.5
08.11.2016 00:43:53.756,1.1042,1.10419,1,3
08.11.2016 00:43:54.338,1.1042100000000001,1.10419,1.5,3.75
08.11.2016 00:44:02.463,1.1042200000000002,1.1042,1,2.62
08.11.2016 00:44:05.598,1.1042200000000002,1.1042100000000001,1.5,1
08.11.2016 00:44:27.146,1.1042200000000002,1.1042,1.87,3
08.11.2016 00:44:32.332,1.1042200000000002,1.10419,1.87,3.75
08.11.2016 00:44:34.240,1.1042100000000001,1.10419,1.5,2.25
08.11.2016 00:44:34.493,1.10419,1.10416,1,3.75
08.11.2016 00:44:35.021,1.10419,1.10416,1,4.12
08.11.2016 00:44:41.696,1.1042,1.10416,7.87,1.12
08.11.2016 00:44:42.000,1.10418,1.10416,1,1.12
08.11.2016 00:44:43.038,1.10419,1.10416,1,6.75
08.11.2016 00:44:43.542,1.1042,1.10417,1.87,3
08.11.2016 00:44:45.754,1.1042,1.10416,4.5,3.75
08.11.2016 00:44:46.294,1.10419,1.10416,2.62,1.5
08.11.2016 00:44:55.147,1.1042,1.10415,8.85,7.35
08.11.2016 00:44:55.689,1.10419,1.10416,1,1.12
08.11.2016 00:44:57.392,1.1042,1.10416,6.75,1.5
08.11.2016 00:45:00.342,1.10419,1.10416,1,1.5
08.11.2016 00:45:00.914,1.10419,1.10417,1,1.5
08.11.2016 00:45:01.417,1.1042,1.10417,7.12,2.25
08.11.2016 00:45:06.939,1.10419,1.10417,1,2.25
08.11.2016 00:45:09.240,1.1042,1.10417,6.75,3
08.11.2016 00:45:09.764,1.1042,1.10418,1,1
08.11.2016 00:45:10.017,1.1042200000000002,1.10419,6,2.25
08.11.2016 00:45:10.775,1.1042100000000001,1.10419,1,2.25
08.11.2016 00:45:11.302,1.1042,1.10418,1,3.75
08.11.2016 00:45:11.808,1.1042200000000002,1.10418,9.56,1
08.11.2016 00:45:12.335,1.10419,1.10417,1,2.62
08.11.2016 00:45:12.840,1.1042,1.10417,2.47,1
08.11.2016 00:46:07.781,1.1042,1.10416,2.62,2.62
08.11.2016 00:46:11.638,1.10419,1.10416,1,4.12
08.11.2016 00:46:14.952,1.1042,1.10416,2.62,4.12
08.11.2016 00:46:21.030,1.10419,1.10416,2.25,4.12
08.11.2016 00:46:35.291,1.10419,1.10416,3.37,1.12
08.11.2016 00:46:35.836,1.10419,1.10416,2.62,1.12
08.11.2016 00:46:41.291,1.1042,1.10416,4.87,1.87
08.11.2016 00:46:42.689,1.10419,1.10416,1,1.12
08.11.2016 00:46:43.237,1.10419,1.10416,2.62,1.12
08.11.2016 00:46:44.337,1.10419,1.10416,1.87,1.12
08.11.2016 00:46:44.844,1.1042,1.10416,4.5,1.12
08.11.2016 00:46:47.988,1.10419,1.10416,1,1.12
08.11.2016 00:46:55.848,1.10419,1.10415,2.25,3.22
08.11.2016 00:46:56.452,1.10419,1.10415,3,4.2
08.11.2016 00:46:56.983,1.10419,1.10415,1.5,3.07
08.11.2016 00:46:57.488,1.10419,1.10415,3,4.12
08.11.2016 00:47:03.138,1.10419,1.10415,3.75,2.47
08.11.2016 00:47:04.039,1.10419,1.10415,3.75,2.47
08.11.2016 00:47:07.554,1.10419,1.10415,3,2.47
08.11.2016 00:47:09.929,1.1042,1.10416,6.97,2.25
08.11.2016 00:47:10.435,1.1042,1.10416,1.87,6.75
08.11.2016 00:47:22.997,1.10419,1.10416,1.12,1.12
08.11.2016 00:47:28.494,1.10419,1.10417,1.5,1.25
08.11.2016 00:47:29.014,1.10419,1.10416,1.5,1
08.11.2016 00:47:34.895,1.10418,1.10416,1,1
08.11.2016 00:47:37.225,1.10419,1.10416,1,1
08.11.2016 00:47:53.967,1.10417,1.10416,2.25,1
08.11.2016 00:47:54.298,1.10417,1.10416,3.37,3.75
08.11.2016 00:47:54.399,1.10418,1.10416,5.25,3.75
08.11.2016 00:47:54.903,1.10419,1.10418,2.25,3.75
08.11.2016 00:47:56.142,1.1042,1.10418,7.69,2.25
08.11.2016 00:48:09.590,1.1042,1.10417,6.94,2.25
08.11.2016 00:48:22.212,1.10419,1.10416,1.12,3
08.11.2016 00:48:22.736,1.10419,1.10417,1.87,1
08.11.2016 00:48:23.990,1.10419,1.10416,1.12,3
08.11.2016 00:48:24.532,1.10419,1.10417,1.87,1.5
08.11.2016 00:48:31.295,1.10419,1.10418,1.87,2.25
08.11.2016 00:48:31.801,1.1042100000000001,1.10418,18.19,3.75
08.11.2016 00:48:40.170,1.1042100000000001,1.10419,16.69,1
08.11.2016 00:48:40.676,1.1042100000000001,1.10418,13.54,3
08.11.2016 00:48:46.667,1.1042100000000001,1.10419,12.94,1
08.11.2016 00:48:47.242,1.1042200000000002,1.1042,16.5,1
08.11.2016 00:48:47.528,1.10426,1.10425,1,1.5
08.11.2016 00:48:47.680,1.10428,1.10426,1.88,2.25
08.11.2016 00:48:47.782,1.10429,1.10427,3,2.5
08.11.2016 00:48:48.288,1.1043,1.10429,1.87,1.5
08.11.2016 00:48:48.339,1.1043100000000001,1.10429,1.12,3
08.11.2016 00:48:48.867,1.10433,1.1043,2.25,3.75
08.11.2016 00:48:56.644,1.1043200000000002,1.10429,1.12,7.5
08.11.2016 00:48:59.130,1.1043200000000002,1.1043,1.12,3.75
08.11.2016 00:49:01.017,1.10433,1.1043100000000001,1.87,5.5
08.11.2016 00:49:01.119,1.10434,1.1043200000000002,1.12,1
08.11.2016 00:49:04.247,1.10434,1.1043100000000001,1.12,8.25
08.11.2016 00:49:04.783,1.10435,1.1043200000000002,3.75,1
08.11.2016 00:49:05.794,1.10434,1.1043100000000001,1.12,8.25
08.11.2016 00:49:06.337,1.10434,1.1043200000000002,1.12,3.75
08.11.2016 00:49:26.667,1.10434,1.1043100000000001,1.12,6.75
08.11.2016 00:49:31.774,1.10435,1.1043200000000002,4.5,1
08.11.2016 00:49:50.699,1.10435,1.10434,1.12,1
08.11.2016 00:49:50.951,1.10435,1.1043200000000002,1.12,3.75
08.11.2016 00:49:51.456,1.10435,1.1043200000000002,1.5,3.75
08.11.2016 00:50:05.749,1.1043100000000001,1.1043,1,7.12
08.11.2016 00:50:05.901,1.1043100000000001,1.10429,1.5,1.5
08.11.2016 00:50:06.407,1.1043100000000001,1.10428,8.06,1
08.11.2016 00:50:06.912,1.1043100000000001,1.10427,1.12,5.62
08.11.2016 00:50:07.436,1.1043100000000001,1.10428,1.12,1
08.11.2016 00:50:10.739,1.1043100000000001,1.10428,1.12,3.3
08.11.2016 00:50:11.046,1.10436,1.10433,2.25,4.5
08.11.2016 00:50:11.835,1.10435,1.1043200000000002,1.5,4.87
08.11.2016 00:50:13.949,1.10436,1.10433,1.5,1
08.11.2016 00:50:14.505,1.10435,1.10433,1,1
08.11.2016 00:50:15.060,1.10435,1.1043200000000002,1.5,4.5
08.11.2016 00:50:20.107,1.10436,1.1043200000000002,1.87,7.87
08.11.2016 00:50:20.757,1.10436,1.1043200000000002,1,9.75
08.11.2016 00:50:27.187,1.10436,1.10434,1,1
08.11.2016 00:50:27.291,1.10437,1.10436,1.5,3.75
08.11.2016 00:50:27.594,1.1044,1.10437,4.69,4.5
08.11.2016 00:50:27.797,1.1044100000000001,1.10437,4.31,4.12
08.11.2016 00:50:28.000,1.1044,1.10437,6.19,4.5
08.11.2016 00:50:28.919,1.10439,1.10436,1,4.87
08.11.2016 00:50:43.334,1.10439,1.10437,1,1
08.11.2016 00:50:44.447,1.10439,1.10436,1,4.87
08.11.2016 00:50:47.098,1.10438,1.10436,1,1.12
08.11.2016 00:50:48.000,1.10438,1.10435,1.5,4.87
08.11.2016 00:50:56.140,1.10437,1.10435,1,4.87
08.11.2016 00:50:59.695,1.10438,1.10435,1.5,5.02
08.11.2016 00:51:00.197,1.10439,1.10436,1.12,3.75
08.11.2016 00:51:05.049,1.10438,1.10436,1,3.75
08.11.2016 00:51:09.940,1.1044,1.10436,6.19,3
08.11.2016 00:51:10.462,1.1044,1.10436,6.56,2.62
08.11.2016 00:51:13.534,1.10439,1.10435,1,5.1
08.11.2016 00:51:23.335,1.1044,1.10436,4.31,1
08.11.2016 00:51:23.880,1.1044,1.10435,8.44,5.47
08.11.2016 00:51:24.963,1.10436,1.10435,6,2.32
08.11.2016 00:51:25.065,1.10436,1.10434,8.44,1.12
08.11.2016 00:51:25.571,1.10436,1.1043200000000002,6.19,1.37
08.11.2016 00:51:35.900,1.10436,1.1043200000000002,6.75,1.87
08.11.2016 00:51:48.538,1.10436,1.1043200000000002,1,7.27
08.11.2016 00:51:48.691,1.10437,1.10433,2.62,2.62
08.11.2016 00:51:49.566,1.10436,1.10433,1,1.87
08.11.2016 00:51:50.767,1.10437,1.10433,4.12,1.87
08.11.2016 00:51:51.988,1.10436,1.10433,1,1.12
08.11.2016 00:51:53.059,1.10437,1.10433,5.62,1.12
08.11.2016 00:51:54.594,1.10436,1.10433,1,1.12
08.11.2016 00:52:10.888,1.10434,1.10433,1,1.12
08.11.2016 00:52:11.088,1.1043,1.10428,1.5,1.12
08.11.2016 00:52:11.594,1.1043,1.10427,1.25,1.87
08.11.2016 00:52:13.286,1.1043100000000001,1.10427,2.62,1.87
08.11.2016 00:52:14.238,1.1043,1.10427,3,1.12
08.11.2016 00:52:14.745,1.10429,1.10427,1,1.5
08.11.2016 00:52:15.587,1.1043,1.10427,5.81,1.5
08.11.2016 00:52:18.846,1.1043,1.10426,5.06,2.62
08.11.2016 00:52:19.358,1.1043100000000001,1.10427,5.62,1.87
08.11.2016 00:52:19.884,1.1043100000000001,1.10427,4.5,2.25
08.11.2016 00:52:21.716,1.1043,1.10427,1,1.5
08.11.2016 00:52:31.450,1.1043,1.10426,2.62,5.62
08.11.2016 00:52:31.704,1.10429,1.10427,1.87,1
08.11.2016 00:52:32.009,1.1043100000000001,1.10429,4.31,3
08.11.2016 00:52:32.515,1.1043200000000002,1.1043,2.25,3
08.11.2016 00:52:33.034,1.1043200000000002,1.1043,1.5,3
08.11.2016 00:52:33.733,1.1043200000000002,1.10429,1.5,1.5
08.11.2016 00:52:34.240,1.1043200000000002,1.1043,1.5,1
08.11.2016 00:52:35.636,1.1043,1.10429,1.5,2.25
08.11.2016 00:52:35.738,1.1043,1.10428,3.37,3.75
08.11.2016 00:52:36.094,1.10429,1.10426,2.25,3
08.11.2016 00:52:37.135,1.10429,1.10427,4.5,1
08.11.2016 00:52:38.377,1.10429,1.10426,4.5,3
08.11.2016 00:52:39.142,1.10429,1.10427,2.25,1
08.11.2016 00:52:40.576,1.10429,1.10427,1.5,1
08.11.2016 00:52:41.087,1.10429,1.10426,3,3.75
08.11.2016 00:52:46.434,1.10428,1.10425,3.37,3.75
08.11.2016 00:52:49.492,1.10428,1.10426,2.62,1
08.11.2016 00:52:50.721,1.10428,1.10427,1,1
08.11.2016 00:52:51.126,1.10427,1.10425,1.5,4.12
08.11.2016 00:52:51.429,1.10425,1.10424,1,1.12
08.11.2016 00:52:51.562,1.10424,1.1042200000000002,3,1
08.11.2016 00:52:51.968,1.1042200000000002,1.1042100000000001,1.5,1.87
08.11.2016 00:52:52.069,1.1042100000000001,1.10419,1.69,3
08.11.2016 00:52:52.222,1.1042,1.10417,1,2.25
08.11.2016 00:52:52.728,1.1042,1.10417,1.69,3.75
08.11.2016 00:52:59.638,1.10419,1.10416,1.12,4.5
08.11.2016 00:53:01.029,1.1042,1.10416,2.81,7.12
08.11.2016 00:53:07.964,1.10419,1.10416,1.12,4.5
08.11.2016 00:53:09.722,1.1042,1.10416,4.12,6.37
08.11.2016 00:53:10.237,1.1042,1.10417,1.05,6
08.11.2016 00:53:10.742,1.1042,1.10418,1.05,1
08.11.2016 00:53:11.251,1.1042,1.10417,1.05,6
08.11.2016 00:53:12.938,1.1042100000000001,1.10418,3.56,3.75
08.11.2016 00:53:13.039,1.1042100000000001,1.10419,1.87,4.65
08.11.2016 00:53:13.192,1.10423,1.1042100000000001,2.25,1
08.11.2016 00:53:13.395,1.10425,1.10423,3.75,1
08.11.2016 00:53:13.648,1.10425,1.1042200000000002,1.87,5.25
08.11.2016 00:53:14.185,1.10426,1.10423,3.37,1.5
08.11.2016 00:53:28.686,1.10427,1.10424,2.25,1.5
08.11.2016 00:53:33.322,1.10428,1.10425,9.75,1
08.11.2016 00:53:33.373,1.10428,1.10425,7.87,2.62
08.11.2016 00:53:33.778,1.1043,1.10426,9.75,1.5
08.11.2016 00:53:34.384,1.1043,1.10427,2.25,1
08.11.2016 00:53:34.921,1.1043100000000001,1.10427,4.87,1.5
08.11.2016 00:53:39.645,1.1043100000000001,1.10428,3.75,1
08.11.2016 00:53:47.370,1.1043100000000001,1.10429,1.5,1
08.11.2016 00:53:47.724,1.10433,1.10429,4.87,1
08.11.2016 00:53:56.586,1.10433,1.10428,4.87,5.25
08.11.2016 00:53:56.768,1.1043100000000001,1.10429,2.25,1
08.11.2016 00:53:57.071,1.1043,1.10426,5.44,3.75
08.11.2016 00:53:57.573,1.1043,1.10427,3,1
08.11.2016 00:53:57.623,1.10428,1.10426,1,3
08.11.2016 00:53:57.826,1.10425,1.10424,1.5,1
08.11.2016 00:53:58.029,1.10424,1.10423,1,1
08.11.2016 00:53:58.535,1.1042200000000002,1.1042100000000001,1,6
08.11.2016 00:54:00.329,1.1042200000000002,1.1042100000000001,1.12,4.12
08.11.2016 00:54:02.473,1.10423,1.1042100000000001,1,4.12
08.11.2016 00:54:04.798,1.1042100000000001,1.10419,1.5,13.12
08.11.2016 00:54:04.950,1.1042,1.10417,2.62,1.64
08.11.2016 00:54:05.103,1.10419,1.10416,1.5,2.25
08.11.2016 00:54:05.609,1.1042,1.10416,4.12,1.87
08.11.2016 00:54:06.136,1.1042,1.10417,1.5,1
08.11.2016 00:54:06.993,1.1042,1.10416,9,1.87
08.11.2016 00:54:07.498,1.10419,1.10416,1.12,1.5
08.11.2016 00:54:11.043,1.1042,1.10417,9.37,1
08.11.2016 00:54:11.673,1.1042,1.10416,7.87,2.25
08.11.2016 00:54:12.229,1.1042,1.10417,6.75,1
08.11.2016 00:54:14.124,1.10419,1.10417,1,1
08.11.2016 00:54:14.629,1.1042,1.10416,12.11,2.25
08.11.2016 00:54:15.886,1.1042,1.10416,13.61,3.75
08.11.2016 00:54:28.547,1.10419,1.10416,5.25,1
08.11.2016 00:54:30.392,1.10416,1.10415,1,5.81
08.11.2016 00:54:30.545,1.10415,1.1041400000000001,4.5,1.1
08.11.2016 00:54:31.018,1.10415,1.1041200000000002,4.12,1.12
08.11.2016 00:54:31.674,1.10415,1.10413,1,1
08.11.2016 00:54:33.997,1.10416,1.1041400000000001,2.25,1.15
08.11.2016 00:54:34.149,1.10418,1.10416,1,2.25
08.11.2016 00:54:35.964,1.10418,1.10415,1,6.37
08.11.2016 00:54:38.891,1.10418,1.10415,1,6.75
08.11.2016 00:54:39.986,1.10419,1.10415,1.87,6.37
08.11.2016 00:54:46.661,1.10417,1.10416,1,1
08.11.2016 00:54:46.784,1.10417,1.1041400000000001,1,2.7
08.11.2016 00:54:50.698,1.1041400000000001,1.10413,1,1.87
08.11.2016 00:54:50.851,1.1041400000000001,1.1041100000000001,1.69,1
08.11.2016 00:54:51.308,1.10415,1.1041100000000001,1.69,3
08.11.2016 00:54:55.988,1.10416,1.1041200000000002,6,1.87
08.11.2016 00:54:59.908,1.10415,1.1041200000000002,2.25,1.12
08.11.2016 00:55:00.060,1.10417,1.1041400000000001,2.44,1
08.11.2016 00:55:00.369,1.1041,1.10408,1.12,4.75
08.11.2016 00:55:00.521,1.1041100000000001,1.10407,1.5,2.25
08.11.2016 00:55:00.572,1.1041,1.10408,1,1
08.11.2016 00:55:00.623,1.1041200000000002,1.10407,10.12,3
08.11.2016 00:55:00.930,1.10415,1.1041200000000002,1.5,1
08.11.2016 00:55:00.982,1.10413,1.1041,2.5,9
08.11.2016 00:55:01.187,1.10408,1.10406,2.25,1
08.11.2016 00:55:01.390,1.1041,1.10406,1,3
08.11.2016 00:55:01.897,1.1041100000000001,1.10407,1.12,1
08.11.2016 00:55:02.419,1.1041200000000002,1.10409,1,1
08.11.2016 00:55:02.937,1.1041200000000002,1.10408,1,5.44
08.11.2016 00:55:03.442,1.1041200000000002,1.10409,1,1.5
08.11.2016 00:55:03.746,1.10415,1.1041100000000001,2.44,3.94
08.11.2016 00:55:04.257,1.10416,1.1041200000000002,2.62,4.5
08.11.2016 00:55:04.914,1.10416,1.10413,2.25,1
08.11.2016 00:55:05.793,1.10416,1.10413,1.87,1.5
08.11.2016 00:55:07.889,1.10416,1.10413,2.25,1.5
08.11.2016 00:55:10.539,1.10416,1.1041200000000002,1.5,4.5
08.11.2016 00:55:12.149,1.10417,1.10415,3,1.2
08.11.2016 00:55:12.454,1.10419,1.10418,1,1
08.11.2016 00:55:12.555,1.10419,1.10416,2.62,4.31
08.11.2016 00:55:13.075,1.10419,1.10416,2.25,3.56
08.11.2016 00:55:13.235,1.10419,1.10418,1.12,2.59
08.11.2016 00:55:13.336,1.1042,1.10418,1.12,1.5
08.11.2016 00:55:13.843,1.1042,1.10417,1.5,1.69
08.11.2016 00:55:14.360,1.10419,1.10417,2.25,1.69
08.11.2016 00:55:15.497,1.1042,1.10417,2.25,1.69
08.11.2016 00:55:16.990,1.10419,1.10417,1.12,1.69
08.11.2016 00:55:17.495,1.10419,1.10417,8.44,1.69
08.11.2016 00:55:19.239,1.10417,1.1041400000000001,1,5.51
08.11.2016 00:55:19.290,1.10417,1.1041400000000001,1,4.01
08.11.2016 00:55:19.821,1.10417,1.1041400000000001,1,4.31
08.11.2016 00:55:33.288,1.10416,1.1041400000000001,2.25,1.5
08.11.2016 00:55:33.390,1.10415,1.1041200000000002,3.75,1.25
08.11.2016 00:55:33.895,1.1041400000000001,1.1041100000000001,3.75,1.69
08.11.2016 00:55:39.488,1.10413,1.1041100000000001,1,1.69
08.11.2016 00:55:43.890,1.1041400000000001,1.1041100000000001,4.5,1.69
08.11.2016 00:55:49.888,1.1041200000000002,1.1041100000000001,1.12,1
08.11.2016 00:55:50.401,1.1041200000000002,1.1041,1.87,4.16
08.11.2016 00:55:53.083,1.1041100000000001,1.1041,1.5,4.01
08.11.2016 00:55:53.285,1.10409,1.10406,1.5,6.56
08.11.2016 00:56:04.443,1.10409,1.10406,3.71,3.19
08.11.2016 00:56:11.089,1.10409,1.10406,4.12,3.94
08.11.2016 00:56:11.685,1.10408,1.10406,1,3.94
08.11.2016 00:56:11.837,1.10406,1.10405,8.62,2.7
08.11.2016 00:56:11.989,1.10404,1.1040200000000002,1,2.44
08.11.2016 00:56:12.495,1.10404,1.1040100000000002,1.12,1.5
08.11.2016 00:56:12.999,1.10404,1.1040100000000002,4.5,2.44
08.11.2016 00:56:14.585,1.10404,1.1040100000000002,6,1
08.11.2016 00:56:35.888,1.10404,1.104,3,7.5
08.11.2016 00:56:59.680,1.10404,1.1040100000000002,1.12,1
08.11.2016 00:57:00.342,1.10404,1.104,1.12,8.25
08.11.2016 00:57:06.836,1.10405,1.1040100000000002,6.19,1
08.11.2016 00:57:15.338,1.10405,1.10404,2.44,2.25
08.11.2016 00:57:15.490,1.10408,1.10407,1,1
08.11.2016 00:57:15.997,1.10409,1.10406,1.5,2.62
08.11.2016 00:57:21.385,1.10409,1.10407,1,1
08.11.2016 00:57:21.890,1.10409,1.10406,1,4.12
08.11.2016 00:57:23.868,1.10409,1.10407,1,1
08.11.2016 00:57:24.385,1.10409,1.10406,1,2.62
08.11.2016 00:57:50.037,1.10409,1.10406,1.5,2.25
08.11.2016 00:57:50.542,1.10409,1.10406,2.25,1.12
08.11.2016 00:57:56.641,1.10408,1.10406,1,1
08.11.2016 00:57:57.147,1.10408,1.10405,3,2.62
08.11.2016 00:57:57.696,1.10408,1.10406,1.5,1
08.11.2016 00:57:58.220,1.10409,1.10406,1.5,1
08.11.2016 00:58:01.589,1.10409,1.10405,2.21,7.72
08.11.2016 00:58:03.653,1.10409,1.10405,2.96,6.22
08.11.2016 00:58:04.739,1.10409,1.10406,2.25,1
08.11.2016 00:58:06.291,1.10409,1.10405,1,9
08.11.2016 00:58:07.494,1.10409,1.10406,1,1
08.11.2016 00:58:08.543,1.10409,1.10407,1,1
08.11.2016 00:58:09.888,1.1041,1.10406,5.62,6.37
08.11.2016 00:58:13.343,1.10409,1.10405,2.29,6
08.11.2016 00:58:19.521,1.10409,1.10407,2.47,1
08.11.2016 00:58:20.027,1.10409,1.10406,1,4.87
08.11.2016 00:58:22.601,1.10409,1.10405,4.12,6.97
08.11.2016 00:58:23.364,1.10409,1.10406,2.62,1
08.11.2016 00:58:23.870,1.1041,1.10406,5.1,1.5
08.11.2016 00:58:24.387,1.10409,1.10406,1.87,1.5
08.11.2016 00:58:26.287,1.1041,1.10405,6.97,6.97
08.11.2016 00:58:26.792,1.1041,1.10406,6.22,4.87
08.11.2016 00:58:28.178,1.1041,1.10406,7.35,3.75
08.11.2016 00:58:28.709,1.10409,1.10405,3.22,3.37
08.11.2016 00:58:29.287,1.10409,1.10406,1.87,2.25
08.11.2016 00:58:29.810,1.1041,1.10406,8.47,2.62
08.11.2016 00:58:31.367,1.1041,1.10407,4.87,1
08.11.2016 00:58:31.874,1.1041,1.10406,4.12,4.12
08.11.2016 00:58:33.131,1.10409,1.10406,1,3.37
08.11.2016 00:58:34.102,1.10408,1.10405,1,3.97
08.11.2016 00:58:36.322,1.10409,1.10405,1.72,7.12
08.11.2016 00:58:36.885,1.1041,1.10406,7.72,1.12
08.11.2016 00:58:43.339,1.10409,1.10406,1.5,1.12
08.11.2016 00:58:43.840,1.10408,1.10405,1,6.22
08.11.2016 00:58:45.787,1.10408,1.10406,1,1
08.11.2016 00:58:46.332,1.10409,1.10406,1.12,3
08.11.2016 00:59:03.187,1.1041100000000001,1.10409,13.87,1.15
08.11.2016 00:59:03.340,1.1041100000000001,1.1041,1,4.12
08.11.2016 00:59:03.441,1.10413,1.1041100000000001,1,1.5
08.11.2016 00:59:03.963,1.10413,1.1041,5.85,3.37
08.11.2016 00:59:04.484,1.1041200000000002,1.1041,1,4.12
08.11.2016 00:59:05.067,1.10413,1.1041,3.6,4.87
08.11.2016 00:59:17.040,1.1041200000000002,1.1041,1,3.37
08.11.2016 00:59:17.742,1.10413,1.10409,3.6,5.25
08.11.2016 00:59:20.439,1.1041400000000001,1.1041,9.22,3.75
08.11.2016 00:59:20.945,1.10413,1.1041,1,4.12
08.11.2016 00:59:34.709,1.10413,1.1041100000000001,1,3.75
08.11.2016 00:59:34.760,1.10416,1.1041400000000001,6.97,1.12
08.11.2016 00:59:34.863,1.10416,1.1041400000000001,1,3
08.11.2016 00:59:35.370,1.10417,1.1041400000000001,3.37,2.7
08.11.2016 00:59:36.858,1.10416,1.1041400000000001,1,3.45
08.11.2016 00:59:37.111,1.10415,1.10413,1.5,2.44
08.11.2016 00:59:37.617,1.10415,1.1041200000000002,1,5.81
08.11.2016 00:59:38.150,1.10416,1.1041200000000002,5.25,8.06
08.11.2016 00:59:39.341,1.10416,1.1041400000000001,6,1
08.11.2016 00:59:40.792,1.10416,1.10413,3,1
08.11.2016 00:59:41.309,1.10416,1.1041400000000001,4.5,1
08.11.2016 00:59:42.136,1.10416,1.10415,2.25,2.25
08.11.2016 00:59:42.440,1.10419,1.10417,1.5,6.94
08.11.2016 00:59:42.947,1.10419,1.10416,1.87,3.56
08.11.2016 00:59:44.488,1.10419,1.10416,1.87,4.69
08.11.2016 00:59:53.097,1.10419,1.10416,2.62,3.19
08.11.2016 00:59:53.638,1.10419,1.10416,3.37,3.19
08.11.2016 00:59:54.940,1.10416,1.10415,1,1
08.11.2016 00:59:55.092,1.10416,1.10413,1.12,3.94
08.11.2016 01:00:00.332,1.10415,1.10413,1,1.25
08.11.2016 01:00:00.840,1.10415,1.1041200000000002,1.87,1.5
08.11.2016 01:00:01.396,1.1041400000000001,1.1041200000000002,1.12,1
08.11.2016 01:00:01.913,1.1041400000000001,1.1041100000000001,1.12,3.19
08.11.2016 01:00:02.419,1.10413,1.1041100000000001,1.12,1.5
08.11.2016 01:00:04.285,1.1041400000000001,1.1041100000000001,1.12,3.75
08.11.2016 01:00:05.092,1.10413,1.1041100000000001,1,3.75
08.11.2016 01:00:08.293,1.10415,1.1041100000000001,13.35,3.75
08.11.2016 01:00:12.746,1.10413,1.1041100000000001,1,1.5
08.11.2016 01:00:14.640,1.1041400000000001,1.1041100000000001,1.12,3.75
08.11.2016 01:00:14.844,1.10415,1.10413,1.87,1
08.11.2016 01:00:20.413,1.10416,1.10413,1.12,1.5
08.11.2016 01:00:20.891,1.10417,1.1041400000000001,4.5,1.15
08.11.2016 01:00:21.396,1.10418,1.1041400000000001,3,5.44
08.11.2016 01:00:22.186,1.10418,1.10415,3.75,1
08.11.2016 01:00:28.314,1.10415,1.1041400000000001,3,2.25
08.11.2016 01:00:28.466,1.10415,1.1041200000000002,3,2.44
08.11.2016 01:00:40.337,1.10416,1.1041400000000001,5.25,1.5
08.11.2016 01:00:40.641,1.10419,1.10418,7.5,1.5
08.11.2016 01:00:40.692,1.10419,1.10417,5.24,3
08.11.2016 01:00:41.048,1.1042100000000001,1.1042,4.5,3
08.11.2016 01:00:41.201,1.1042200000000002,1.1042100000000001,7.87,2.25
08.11.2016 01:00:41.556,1.10423,1.1042100000000001,2.25,3
08.11.2016 01:00:41.607,1.10425,1.10423,2.5,3
08.11.2016 01:00:41.817,1.10426,1.10425,3,2.25
08.11.2016 01:00:41.918,1.10428,1.10427,4.12,1
08.11.2016 01:00:42.425,1.10429,1.10427,4,2.25
08.11.2016 01:00:43.111,1.10429,1.10428,1.5,2.25
08.11.2016 01:00:44.934,1.1043,1.10429,4.87,1.5
08.11.2016 01:00:45.439,1.1043,1.10429,3.37,1.5
08.11.2016 01:00:45.986,1.10429,1.10428,1,3
08.11.2016 01:00:48.437,1.1043,1.10429,6,1
08.11.2016 01:00:50.462,1.1043,1.10429,4.12,1.5
08.11.2016 01:00:50.992,1.10429,1.10428,1.5,3
08.11.2016 01:00:55.091,1.10429,1.10428,2.25,3
08.11.2016 01:00:55.597,1.10429,1.10428,2.62,2.25
08.11.2016 01:00:56.141,1.10428,1.10427,2.25,1.5
08.11.2016 01:00:56.495,1.10427,1.10426,2.25,1.5
08.11.2016 01:00:57.001,1.10428,1.10427,3,3
08.11.2016 01:00:57.506,1.10429,1.10428,5.25,1.5
08.11.2016 01:01:02.048,1.1043,1.10429,6,1.5
08.11.2016 01:01:02.555,1.1043,1.10429,5.25,2.25
08.11.2016 01:01:03.077,1.1043200000000002,1.1043100000000001,4.87,1
08.11.2016 01:01:04.015,1.1043100000000001,1.1043,1.12,3.75
08.11.2016 01:01:07.240,1.1043200000000002,1.1043,3.37,3.75
08.11.2016 01:01:09.352,1.10433,1.1043100000000001,3.75,1.5
08.11.2016 01:01:09.504,1.10434,1.1043100000000001,1.5,3.75
08.11.2016 01:01:09.706,1.10435,1.10433,1.12,1.5
08.11.2016 01:01:10.010,1.10438,1.10435,1,1.87
08.11.2016 01:01:11.390,1.10438,1.10434,1.5,5.81
08.11.2016 01:01:12.372,1.10436,1.10434,1,5.06
08.11.2016 01:01:13.273,1.10438,1.10434,1.5,5.81
08.11.2016 01:01:13.779,1.10436,1.10435,1,3.75
08.11.2016 01:01:13.981,1.10438,1.10436,1,1
08.11.2016 01:01:15.291,1.10438,1.10435,2.25,2.62
08.11.2016 01:01:15.757,1.10436,1.10435,1,2.25
08.11.2016 01:01:15.858,1.10438,1.10435,2.62,4.2
08.11.2016 01:01:18.091,1.10437,1.10434,1,3.56
08.11.2016 01:01:18.227,1.10435,1.10434,1,1
08.11.2016 01:01:18.332,1.10435,1.1043100000000001,6.94,4.12
08.11.2016 01:01:18.840,1.10435,1.1043200000000002,1,4.31
08.11.2016 01:01:19.346,1.10434,1.1043100000000001,1,1
08.11.2016 01:01:19.447,1.1043200000000002,1.1043100000000001,1,1
08.11.2016 01:01:19.692,1.1043,1.10427,6.75,2.81
08.11.2016 01:01:20.110,1.1043200000000002,1.1043100000000001,7.5,2.25
08.11.2016 01:01:20.465,1.10433,1.1043200000000002,2.62,1
08.11.2016 01:01:22.472,1.10433,1.1043100000000001,2.62,3
08.11.2016 01:01:25.657,1.10433,1.1043200000000002,2.97,1.5
08.11.2016 01:01:26.844,1.10435,1.10433,9.34,1
08.11.2016 01:01:27.077,1.10437,1.10436,1.12,1.5
08.11.2016 01:01:28.016,1.10438,1.10436,3.69,1.25
08.11.2016 01:01:28.369,1.10435,1.10434,1.84,2.06
08.11.2016 01:01:28.471,1.10434,1.10433,1,1.12
08.11.2016 01:01:28.876,1.10434,1.1043100000000001,1.5,2.62
08.11.2016 01:01:29.402,1.10434,1.1043200000000002,1,1
08.11.2016 01:01:29.908,1.10435,1.1043100000000001,2.62,5.06
08.11.2016 01:01:30.413,1.10434,1.1043100000000001,4.87,2.25
08.11.2016 01:01:30.615,1.1043200000000002,1.1043100000000001,1,1
08.11.2016 01:01:31.121,1.1043200000000002,1.1043,1,6.19
08.11.2016 01:01:36.163,1.1043200000000002,1.1043100000000001,1,1
08.11.2016 01:01:36.669,1.10433,1.1043100000000001,1,1.5
08.11.2016 01:01:37.395,1.10434,1.1043100000000001,2.62,1.5
08.11.2016 01:01:44.987,1.10433,1.1043100000000001,1,2.25
08.11.2016 01:01:47.242,1.10434,1.1043100000000001,4.5,2.25
08.11.2016 01:01:50.388,1.1043200000000002,1.1043100000000001,1,1.5
08.11.2016 01:01:50.591,1.1043,1.10428,2.25,1
08.11.2016 01:01:51.098,1.1043,1.10427,7.12,1.25
08.11.2016 01:01:51.604,1.10429,1.10427,1,1.25
08.11.2016 01:01:53.602,1.1043,1.10426,11.62,2.81
08.11.2016 01:01:54.140,1.10429,1.10426,2.25,3.56
08.11.2016 01:02:04.485,1.10428,1.10426,1,1.69
08.11.2016 01:02:04.749,1.10426,1.10424,3.75,8.62
08.11.2016 01:02:04.901,1.10424,1.10423,1,1
08.11.2016 01:02:05.417,1.10425,1.1042100000000001,4.5,6.56
08.11.2016 01:02:05.923,1.10425,1.1042100000000001,4.46,4.31
08.11.2016 01:02:10.139,1.10425,1.1042200000000002,4.5,1
08.11.2016 01:02:10.659,1.10424,1.1042100000000001,1,5.06
08.11.2016 01:02:14.292,1.1042100000000001,1.10419,3.25,14.4
08.11.2016 01:02:14.476,1.1042,1.10419,1,4.31
08.11.2016 01:02:14.986,1.1042,1.10417,1.5,2.44
08.11.2016 01:02:16.258,1.10419,1.10416,1.5,2.81
08.11.2016 01:02:18.454,1.10418,1.10416,1,1.31
08.11.2016 01:02:20.626,1.10419,1.10416,1.12,1.25
08.11.2016 01:02:20.929,1.1042,1.10418,10.5,1.5
08.11.2016 01:02:21.625,1.10419,1.10417,2.25,3
08.11.2016 01:02:22.436,1.10417,1.10416,1,3.94
08.11.2016 01:02:22.942,1.10418,1.10417,1.12,3
08.11.2016 01:02:23.532,1.10418,1.10417,1.5,2.25
08.11.2016 01:02:30.217,1.10418,1.10417,1,3
08.11.2016 01:02:30.722,1.10419,1.10417,2.62,2.25
08.11.2016 01:02:33.637,1.10418,1.10417,1,3
08.11.2016 01:02:35.471,1.10419,1.10418,1.87,1
08.11.2016 01:02:35.976,1.1042,1.10419,6.75,1.5
08.11.2016 01:02:36.330,1.1042100000000001,1.1042,1.12,3
08.11.2016 01:02:36.634,1.10424,1.10423,4.87,1
08.11.2016 01:02:39.543,1.10423,1.1042200000000002,1.12,1.5
08.11.2016 01:02:40.166,1.10423,1.1042200000000002,1.12,2.25
08.11.2016 01:02:44.390,1.10424,1.10423,2.25,1.5
08.11.2016 01:02:44.940,1.10424,1.10423,4.5,1.5
08.11.2016 01:02:46.545,1.10424,1.10423,2.25,3
08.11.2016 01:02:47.093,1.10424,1.10423,1.12,2.25
08.11.2016 01:02:54.243,1.10427,1.10425,7.69,1
08.11.2016 01:02:54.348,1.10427,1.10426,1.5,1
08.11.2016 01:02:55.795,1.10428,1.10426,3.37,3
08.11.2016 01:02:56.300,1.10428,1.10427,1.12,1.5
08.11.2016 01:02:57.946,1.10426,1.10425,3.67,3
08.11.2016 01:02:58.049,1.10425,1.10424,1,1.5
08.11.2016 01:02:58.454,1.10427,1.10426,1.5,1
08.11.2016 01:02:58.708,1.10429,1.10427,7.5,2.25
08.11.2016 01:03:01.059,1.10428,1.10427,2.62,2.25
08.11.2016 01:03:02.690,1.10429,1.10427,3.75,2.25
08.11.2016 01:03:03.370,1.10428,1.10427,2.62,1
08.11.2016 01:03:03.624,1.10427,1.10425,1,4.2
08.11.2016 01:03:03.725,1.10425,1.10423,1,12.82
08.11.2016 01:03:03.877,1.10424,1.10423,1,1.12
08.11.2016 01:03:07.937,1.10424,1.1042200000000002,1,3.94
08.11.2016 01:03:16.591,1.10424,1.1042100000000001,1.5,2.25
08.11.2016 01:03:17.137,1.10423,1.1042,1.5,4.76
08.11.2016 01:03:17.505,1.1042200000000002,1.1042,1,2.81
08.11.2016 01:03:17.707,1.10423,1.1042,1.87,1.69
08.11.2016 01:03:19.238,1.1042200000000002,1.1042,1,1.69
