Local time,Ask,Bid,AskVolume,BidVolume
19.09.2016 01:00:20.938,46.455,46.395,0.0001,0
19.09.2016 01:00:21.548,46.45,46.39,0.0001,0
19.09.2016 01:00:42.637,46.455,46.395,0.0001,0
19.09.2016 01:01:03.457,46.45,46.39,0.0001,0
19.09.2016 01:01:03.957,46.455,46.395,0.0001,0
19.09.2016 01:01:47.015,46.47,46.410000000000004,0.0001,0
19.09.2016 01:02:00.498,46.475,46.415,0.0001,0
19.09.2016 01:02:12.844,46.480000000000004,46.42,0.0001,0
19.09.2016 01:02:13.396,46.475,46.415,0.0001,0
19.09.2016 01:02:53.189,46.480000000000004,46.42,0.0001,0
19.09.2016 01:03:13.142,46.485,46.425000000000004,0.0001,0
19.09.2016 01:03:14.550,46.475,46.415,0.0001,0
19.09.2016 01:03:18.450,46.485,46.425000000000004,0.0001,0
19.09.2016 01:03:46.898,46.480000000000004,46.42,0.0001,0
19.09.2016 01:03:47.079,46.485,46.415,0.0001,0
19.09.2016 01:03:51.216,46.475,46.415,0.0001,0
19.09.2016 01:03:51.641,46.480000000000004,46.42,0.0001,0
19.09.2016 01:04:00.293,46.485,46.425000000000004,0.0001,0
19.09.2016 01:04:00.863,46.480000000000004,46.42,0.0001,0
19.09.2016 01:04:01.194,46.485,46.425000000000004,0.0001,0
19.09.2016 01:04:17.112,46.475,46.415,0.0001,0
19.09.2016 01:04:17.600,46.480000000000004,46.42,0.0001,0
19.09.2016 01:04:33.129,46.475,46.415,0.0001,0
19.09.2016 01:04:35.138,46.485,46.425000000000004,0.0001,0
19.09.2016 01:05:33.605,46.475,46.415,0.0001,0
19.09.2016 01:05:37.494,46.485,46.425000000000004,0.0001,0
19.09.2016 01:07:26.056,46.475,46.415,0.0001,0
19.09.2016 01:07:27.301,46.485,46.425000000000004,0.0001,0
19.09.2016 01:07:29.755,46.475,46.415,0.0001,0
19.09.2016 01:07:31.457,46.480000000000004,46.42,0.0001,0
19.09.2016 01:07:37.369,46.485,46.425000000000004,0.0001,0
19.09.2016 01:07:40.672,46.480000000000004,46.42,0.0001,0
19.09.2016 01:07:50.481,46.475,46.415,0.0001,0
19.09.2016 01:07:51.138,46.480000000000004,46.42,0.0001,0
19.09.2016 01:08:09.127,46.485,46.425000000000004,0.0001,0
19.09.2016 01:08:32.727,46.475,46.415,0.0001,0
19.09.2016 01:08:37.533,46.480000000000004,46.42,0.0001,0
19.09.2016 01:08:38.256,46.485,46.425000000000004,0.0001,0
19.09.2016 01:08:42.239,46.480000000000004,46.42,0.0001,0
19.09.2016 01:08:45.343,46.485,46.425000000000004,0.0001,0
19.09.2016 01:08:46.227,46.475,46.415,0.0001,0
19.09.2016 01:09:50.010,46.485,46.425000000000004,0.0001,0
19.09.2016 01:09:51.111,46.475,46.415,0.0001,0
19.09.2016 01:10:02.146,46.480000000000004,46.42,0.0001,0
19.09.2016 01:10:19.275,46.475,46.415,0.0001,0
19.09.2016 01:10:37.867,46.480000000000004,46.42,0.0001,0
19.09.2016 01:10:53.081,46.475,46.415,0.0001,0
19.09.2016 01:12:45.304,46.480000000000004,46.42,0.0001,0
19.09.2016 01:13:42.575,46.475,46.415,0.0001,0
19.09.2016 01:14:18.871,46.47,46.410000000000004,0.0001,0
19.09.2016 01:14:49.597,46.455,46.395,0.0001,0
19.09.2016 01:15:08.131,46.45,46.39,0.0001,0
19.09.2016 01:15:29.535,46.445,46.385,0.0001,0
19.09.2016 01:15:31.437,46.44,46.38,0.0001,0
19.09.2016 01:15:31.837,46.445,46.385,0.0001,0
19.09.2016 01:15:33.572,46.435,46.375,0.0001,0
19.09.2016 01:15:42.652,46.44,46.38,0.0001,0
19.09.2016 01:15:42.993,46.435,46.375,0.0001,0
19.09.2016 01:15:44.754,46.43,46.37,0.0001,0
19.09.2016 01:17:49.333,46.425000000000004,46.365,0.0001,0
19.09.2016 01:18:01.177,46.42,46.36,0.0001,0
19.09.2016 01:18:03.477,46.410000000000004,46.35,0.0001,0
19.09.2016 01:18:04.179,46.42,46.36,0.0001,0
19.09.2016 01:18:30.213,46.410000000000004,46.35,0.0001,0
19.09.2016 01:18:53.677,46.405,46.345,0.0001,0
19.09.2016 01:18:56.415,46.410000000000004,46.35,0.0001,0
19.09.2016 01:19:27.878,46.405,46.345,0.0001,0
19.09.2016 01:19:37.377,46.4,46.34,0.0001,0
19.09.2016 01:19:37.783,46.415,46.355000000000004,0.0001,0
19.09.2016 01:19:39.601,46.410000000000004,46.35,0.0001,0
19.09.2016 01:20:01.098,46.415,46.355000000000004,0.0001,0
19.09.2016 01:20:46.272,46.405,46.345,0.0001,0
19.09.2016 01:20:50.354,46.415,46.355000000000004,0.0001,0
19.09.2016 01:21:08.360,46.410000000000004,46.35,0.0001,0
19.09.2016 01:21:12.364,46.415,46.355000000000004,0.0001,0
19.09.2016 01:21:24.875,46.405,46.345,0.0001,0
19.09.2016 01:22:56.263,46.4,46.34,0.0001,0
19.09.2016 01:24:49.689,46.410000000000004,46.35,0.0001,0
19.09.2016 01:25:02.872,46.415,46.355000000000004,0.0001,0
19.09.2016 01:25:21.175,46.410000000000004,46.35,0.0001,0
19.09.2016 01:25:34.418,46.405,46.345,0.0001,0
19.09.2016 01:26:18.039,46.410000000000004,46.35,0.0001,0
19.09.2016 01:28:18.045,46.4,46.34,0.0001,0
19.09.2016 01:30:05.444,46.415,46.355000000000004,0.0001,0
19.09.2016 01:30:35.376,46.42,46.36,0.0001,0
19.09.2016 01:30:37.278,46.410000000000004,46.35,0.0001,0
19.09.2016 01:31:34.739,46.405,46.345,0.0001,0
19.09.2016 01:31:39.533,46.4,46.34,0.0001,0
19.09.2016 01:32:00.050,46.410000000000004,46.35,0.0001,0
19.09.2016 01:32:11.632,46.405,46.345,0.0001,0
19.09.2016 01:32:12.962,46.4,46.34,0.0001,0
19.09.2016 01:32:28.384,46.410000000000004,46.35,0.0001,0
19.09.2016 01:33:34.342,46.395,46.335,0.0001,0
19.09.2016 01:33:34.743,46.4,46.34,0.0001,0
19.09.2016 01:34:01.566,46.395,46.335,0.0001,0
19.09.2016 01:34:45.812,46.385,46.325,0.0001,0
19.09.2016 01:35:01.027,46.39,46.33,0.0001,0
19.09.2016 01:35:05.864,46.395,46.335,0.0001,0
19.09.2016 01:35:10.938,46.39,46.33,0.0001,0
19.09.2016 01:35:11.477,46.395,46.335,0.0001,0
19.09.2016 01:35:11.820,46.39,46.33,0.0001,0
19.09.2016 01:35:36.161,46.395,46.335,0.0001,0
19.09.2016 01:35:50.101,46.39,46.33,0.0001,0
19.09.2016 01:36:05.776,46.385,46.325,0.0001,0
19.09.2016 01:36:37.235,46.39,46.33,0.0001,0
19.09.2016 01:37:03.307,46.395,46.335,0.0001,0
19.09.2016 01:37:14.879,46.39,46.33,0.0001,0
19.09.2016 01:37:26.221,46.395,46.335,0.0001,0
19.09.2016 01:38:28.744,46.405,46.345,0.0001,0
19.09.2016 01:42:11.902,46.410000000000004,46.35,0.0001,0
19.09.2016 01:42:24.161,46.405,46.345,0.0001,0
19.09.2016 01:43:09.195,46.410000000000004,46.35,0.0001,0
19.09.2016 01:43:49.747,46.415,46.355000000000004,0.0001,0
19.09.2016 01:43:50.948,46.405,46.345,0.0001,0
19.09.2016 01:43:54.852,46.410000000000004,46.35,0.0001,0
19.09.2016 01:44:11.168,46.415,46.355000000000004,0.0001,0
19.09.2016 01:46:49.801,46.410000000000004,46.35,0.0001,0
19.09.2016 01:47:03.012,46.405,46.345,0.0001,0
19.09.2016 01:48:02.161,46.410000000000004,46.35,0.0001,0
19.09.2016 01:49:11.520,46.415,46.355000000000004,0.0001,0
19.09.2016 01:49:33.388,46.405,46.345,0.0001,0
19.09.2016 01:50:01.063,46.410000000000004,46.35,0.0001,0
19.09.2016 01:50:01.663,46.405,46.345,0.0001,0
19.09.2016 01:50:03.273,46.410000000000004,46.35,0.0001,0
19.09.2016 01:51:40.050,46.405,46.345,0.0001,0
19.09.2016 01:51:54.271,46.410000000000004,46.35,0.0001,0
19.09.2016 01:51:54.777,46.405,46.345,0.0001,0
19.09.2016 01:51:57.607,46.410000000000004,46.35,0.0001,0
19.09.2016 01:52:10.185,46.405,46.345,0.0001,0
19.09.2016 01:52:20.594,46.4,46.34,0.0001,0
19.09.2016 01:53:22.855,46.395,46.335,0.0001,0
19.09.2016 01:53:34.565,46.4,46.34,0.0001,0
19.09.2016 01:53:50.178,46.385,46.325,0.0001,0
19.09.2016 01:54:20.004,46.375,46.315,0.0001,0
19.09.2016 01:54:22.206,46.38,46.32,0.0001,0
19.09.2016 01:54:23.485,46.385,46.325,0.0001,0
19.09.2016 01:56:54.959,46.38,46.32,0.0001,0
19.09.2016 01:56:59.090,46.375,46.315,0.0001,0
19.09.2016 01:57:04.601,46.38,46.32,0.0001,0
19.09.2016 01:57:05.014,46.375,46.315,0.0001,0
19.09.2016 01:57:06.373,46.385,46.325,0.0001,0
19.09.2016 01:57:16.623,46.375,46.315,0.0001,0
19.09.2016 01:57:28.500,46.37,46.31,0.0001,0
19.09.2016 01:57:44.121,46.375,46.315,0.0001,0
19.09.2016 01:58:55.086,46.395,46.335,0.0001,0
19.09.2016 02:00:03.179,46.39,46.33,0.0001,0
19.09.2016 02:00:03.781,46.385,46.325,0.0001,0
19.09.2016 02:00:13.198,46.39,46.33,0.0001,0
19.09.2016 02:00:13.731,46.395,46.335,0.0001,0
19.09.2016 02:00:26.127,46.385,46.325,0.0001,0
19.09.2016 02:00:36.745,46.39,46.33,0.0001,0
19.09.2016 02:00:37.076,46.38,46.32,0.0001,0
19.09.2016 02:00:37.846,46.385,46.325,0.0001,0
19.09.2016 02:00:48.968,46.39,46.33,0.0001,0
19.09.2016 02:00:54.902,46.385,46.325,0.0001,0
19.09.2016 02:01:05.680,46.39,46.33,0.0001,0
19.09.2016 02:01:29.665,46.395,46.335,0.0001,0
19.09.2016 02:02:05.947,46.4,46.34,0.0001,0
19.09.2016 02:02:22.866,46.395,46.335,0.0001,0
19.09.2016 02:02:34.305,46.4,46.34,0.0001,0
19.09.2016 02:02:36.091,46.405,46.345,0.0001,0
19.09.2016 02:02:46.401,46.410000000000004,46.35,0.0001,0
19.09.2016 02:03:04.041,46.405,46.345,0.0001,0
19.09.2016 02:03:58.422,46.395,46.335,0.0001,0
19.09.2016 02:04:21.719,46.4,46.34,0.0001,0
19.09.2016 02:04:35.534,46.405,46.345,0.0001,0
19.09.2016 02:06:44.890,46.42,46.36,0.0001,0
19.09.2016 02:06:45.312,46.415,46.355000000000004,0.0001,0
19.09.2016 02:07:27.635,46.42,46.36,0.0001,0
19.09.2016 02:07:29.036,46.415,46.355000000000004,0.0001,0
19.09.2016 02:07:35.443,46.42,46.36,0.0001,0
19.09.2016 02:07:36.844,46.415,46.355000000000004,0.0001,0
19.09.2016 02:07:50.259,46.42,46.36,0.0001,0
19.09.2016 02:07:52.462,46.415,46.355000000000004,0.0001,0
19.09.2016 02:07:59.169,46.42,46.36,0.0001,0
19.09.2016 02:08:22.291,46.415,46.355000000000004,0.0001,0
19.09.2016 02:08:39.707,46.42,46.36,0.0001,0
19.09.2016 02:08:47.314,46.415,46.355000000000004,0.0001,0
19.09.2016 02:09:01.161,46.42,46.36,0.0001,0
19.09.2016 02:09:10.748,46.415,46.355000000000004,0.0001,0
19.09.2016 02:09:19.460,46.425000000000004,46.365,0.0001,0
19.09.2016 02:09:32.371,46.42,46.36,0.0001,0
19.09.2016 02:09:35.608,46.425000000000004,46.365,0.0001,0
19.09.2016 02:09:41.470,46.43,46.37,0.0001,0
19.09.2016 02:10:12.215,46.445,46.385,0.0001,0
19.09.2016 02:10:16.455,46.44,46.38,0.0001,0
19.09.2016 02:10:17.810,46.445,46.385,0.0001,0
19.09.2016 02:10:18.210,46.44,46.38,0.0001,0
19.09.2016 02:10:20.012,46.445,46.385,0.0001,0
19.09.2016 02:10:20.813,46.435,46.375,0.0001,0
19.09.2016 02:10:21.118,46.445,46.385,0.0001,0
19.09.2016 02:10:21.519,46.435,46.375,0.0001,0
19.09.2016 02:10:22.320,46.44,46.38,0.0001,0
19.09.2016 02:10:24.124,46.435,46.375,0.0001,0
19.09.2016 02:10:26.345,46.425000000000004,46.365,0.0001,0
19.09.2016 02:10:26.714,46.435,46.375,0.0001,0
19.09.2016 02:10:40.366,46.43,46.37,0.0001,0
19.09.2016 02:10:42.944,46.435,46.375,0.0001,0
19.09.2016 02:12:05.860,46.445,46.385,0.0001,0
19.09.2016 02:12:06.837,46.44,46.38,0.0001,0
19.09.2016 02:12:27.347,46.45,46.39,0.0001,0
19.09.2016 02:12:27.816,46.445,46.385,0.0001,0
19.09.2016 02:12:37.968,46.45,46.39,0.0001,0
19.09.2016 02:13:08.395,46.445,46.385,0.0001,0
19.09.2016 02:13:09.596,46.45,46.39,0.0001,0
19.09.2016 02:13:32.248,46.445,46.385,0.0001,0
19.09.2016 02:13:32.567,46.45,46.39,0.0001,0
19.09.2016 02:14:54.403,46.455,46.395,0.0001,0
19.09.2016 02:15:00.708,46.465,46.405,0.0001,0
19.09.2016 02:15:12.330,46.47,46.410000000000004,0.0001,0
19.09.2016 02:15:13.241,46.465,46.405,0.0001,0
19.09.2016 02:15:21.044,46.47,46.410000000000004,0.0001,0
19.09.2016 02:15:21.662,46.465,46.405,0.0001,0
19.09.2016 02:15:22.547,46.47,46.410000000000004,0.0001,0
19.09.2016 02:15:23.878,46.465,46.405,0.0001,0
19.09.2016 02:15:26.987,46.47,46.410000000000004,0.0001,0
19.09.2016 02:15:42.324,46.465,46.405,0.0001,0
19.09.2016 02:15:53.879,46.475,46.415,0.0001,0
19.09.2016 02:16:00.470,46.47,46.410000000000004,0.0001,0
19.09.2016 02:16:18.096,46.475,46.415,0.0001,0
19.09.2016 02:16:19.397,46.480000000000004,46.42,0.0001,0
19.09.2016 02:16:22.517,46.475,46.415,0.0001,0
19.09.2016 02:17:01.151,46.480000000000004,46.42,0.0001,0
19.09.2016 02:17:06.502,46.485,46.425000000000004,0.0001,0
19.09.2016 02:17:06.932,46.480000000000004,46.42,0.0001,0
19.09.2016 02:17:11.367,46.485,46.425000000000004,0.0001,0
19.09.2016 02:17:11.969,46.475,46.415,0.0001,0
19.09.2016 02:17:17.202,46.480000000000004,46.42,0.0001,0
19.09.2016 02:17:37.801,46.475,46.415,0.0001,0
19.09.2016 02:17:58.644,46.465,46.405,0.0001,0
19.09.2016 02:18:03.751,46.47,46.410000000000004,0.0001,0
19.09.2016 02:18:40.395,46.465,46.405,0.0001,0
19.09.2016 02:18:50.405,46.46,46.4,0.0001,0
19.09.2016 02:19:09.330,46.465,46.405,0.0001,0
19.09.2016 02:19:10.932,46.46,46.4,0.0001,0
19.09.2016 02:19:21.771,46.45,46.39,0.0001,0
19.09.2016 02:19:35.565,46.445,46.385,0.0001,0
19.09.2016 02:19:39.269,46.45,46.39,0.0001,0
19.09.2016 02:20:01.214,46.455,46.395,0.0001,0
19.09.2016 02:20:01.647,46.46,46.4,0.0001,0
19.09.2016 02:20:02.519,46.465,46.405,0.0001,0
19.09.2016 02:20:10.237,46.475,46.415,0.0001,0
19.09.2016 02:20:18.885,46.465,46.405,0.0001,0
19.09.2016 02:20:26.096,46.47,46.410000000000004,0.0001,0
19.09.2016 02:20:33.469,46.475,46.415,0.0001,0
19.09.2016 02:20:48.584,46.47,46.410000000000004,0.0001,0
19.09.2016 02:20:54.591,46.465,46.405,0.0001,0
19.09.2016 02:20:55.593,46.47,46.410000000000004,0.0001,0
19.09.2016 02:21:04.405,46.465,46.405,0.0001,0
19.09.2016 02:21:05.307,46.47,46.410000000000004,0.0001,0
19.09.2016 02:21:06.808,46.475,46.415,0.0001,0
19.09.2016 02:21:09.112,46.465,46.405,0.0001,0
19.09.2016 02:21:11.027,46.47,46.410000000000004,0.0001,0
19.09.2016 02:21:27.033,46.465,46.405,0.0001,0
19.09.2016 02:21:46.853,46.46,46.4,0.0001,0
19.09.2016 02:24:37.275,46.465,46.405,0.0001,0
19.09.2016 02:24:53.260,46.475,46.415,0.0001,0
19.09.2016 02:24:53.690,46.480000000000004,46.42,0.0001,0
19.09.2016 02:25:05.567,46.485,46.425000000000004,0.0001,0
19.09.2016 02:25:26.589,46.49,46.43,0.0001,0
19.09.2016 02:25:39.104,46.485,46.425000000000004,0.0001,0
19.09.2016 02:25:53.527,46.49,46.43,0.0001,0
19.09.2016 02:26:03.731,46.5,46.44,0.0001,0
19.09.2016 02:26:04.354,46.515,46.455,0.0001,0
19.09.2016 02:26:08.013,46.525,46.445,0.0001,0
19.09.2016 02:26:13.750,46.505,46.445,0.0001,0
19.09.2016 02:26:21.696,46.5,46.44,0.0001,0
19.09.2016 02:26:23.070,46.505,46.445,0.0001,0
19.09.2016 02:27:46.586,46.5,46.44,0.0001,0
19.09.2016 02:28:51.518,46.495,46.435,0.0001,0
19.09.2016 02:29:04.431,46.51,46.45,0.0001,0
19.09.2016 02:29:06.534,46.505,46.445,0.0001,0
19.09.2016 02:30:51.317,46.51,46.45,0.0001,0
19.09.2016 02:30:53.421,46.505,46.445,0.0001,0
19.09.2016 02:31:00.243,46.51,46.45,0.0001,0
19.09.2016 02:31:31.706,46.505,46.445,0.0001,0
19.09.2016 02:32:10.463,46.51,46.45,0.0001,0
19.09.2016 02:32:18.119,46.505,46.445,0.0001,0
19.09.2016 02:32:53.565,46.51,46.45,0.0001,0
19.09.2016 02:33:21.317,46.505,46.445,0.0001,0
19.09.2016 02:33:34.608,46.51,46.45,0.0001,0
19.09.2016 02:33:46.928,46.5,46.44,0.0001,0
19.09.2016 02:34:25.611,46.495,46.435,0.0001,0
19.09.2016 02:34:43.931,46.49,46.43,0.0001,0
19.09.2016 02:34:56.288,46.495,46.435,0.0001,0
19.09.2016 02:34:56.663,46.49,46.43,0.0001,0
19.09.2016 02:35:01.250,46.495,46.435,0.0001,0
19.09.2016 02:35:05.357,46.49,46.43,0.0001,0
19.09.2016 02:35:11.363,46.495,46.435,0.0001,0
19.09.2016 02:35:14.466,46.505,46.445,0.0001,0
19.09.2016 02:35:16.130,46.5,46.44,0.0001,0
19.09.2016 02:35:22.476,46.505,46.445,0.0001,0
19.09.2016 02:35:33.393,46.5,46.44,0.0001,0
19.09.2016 02:35:51.602,46.495,46.435,0.0001,0
19.09.2016 02:36:05.235,46.5,46.44,0.0001,0
19.09.2016 02:37:21.933,46.485,46.425000000000004,0.0001,0
19.09.2016 02:37:22.834,46.495,46.435,0.0001,0
19.09.2016 02:37:26.339,46.49,46.43,0.0001,0
19.09.2016 02:37:27.741,46.495,46.435,0.0001,0
19.09.2016 02:37:31.748,46.49,46.43,0.0001,0
19.09.2016 02:37:32.358,46.485,46.425000000000004,0.0001,0
19.09.2016 02:37:55.878,46.475,46.415,0.0001,0
19.09.2016 02:38:10.097,46.480000000000004,46.42,0.0001,0
19.09.2016 02:38:28.440,46.465,46.405,0.0001,0
19.09.2016 02:38:28.853,46.47,46.410000000000004,0.0001,0
19.09.2016 02:38:34.126,46.465,46.405,0.0001,0
19.09.2016 02:38:44.437,46.47,46.410000000000004,0.0001,0
19.09.2016 02:38:55.701,46.465,46.405,0.0001,0
19.09.2016 02:39:00.974,46.47,46.410000000000004,0.0001,0
19.09.2016 02:39:01.415,46.465,46.405,0.0001,0
19.09.2016 02:40:38.188,46.455,46.395,0.0001,0
19.09.2016 02:40:46.873,46.445,46.385,0.0001,0
19.09.2016 02:40:53.004,46.45,46.39,0.0001,0
19.09.2016 02:40:53.520,46.455,46.395,0.0001,0
19.09.2016 02:40:55.944,46.45,46.39,0.0001,0
19.09.2016 02:41:00.714,46.445,46.385,0.0001,0
19.09.2016 02:41:11.328,46.45,46.39,0.0001,0
19.09.2016 02:41:18.037,46.455,46.395,0.0001,0
19.09.2016 02:41:35.762,46.45,46.39,0.0001,0
19.09.2016 02:41:48.112,46.445,46.385,0.0001,0
19.09.2016 02:41:58.088,46.45,46.39,0.0001,0
19.09.2016 02:41:58.532,46.445,46.385,0.0001,0
19.09.2016 02:42:04.003,46.435,46.375,0.0001,0
19.09.2016 02:42:38.448,46.445,46.385,0.0001,0
19.09.2016 02:42:45.857,46.45,46.39,0.0001,0
19.09.2016 02:42:58.974,46.445,46.385,0.0001,0
19.09.2016 02:43:07.183,46.455,46.395,0.0001,0
19.09.2016 02:43:12.289,46.445,46.385,0.0001,0
19.09.2016 02:43:14.192,46.455,46.395,0.0001,0
19.09.2016 02:43:18.234,46.445,46.385,0.0001,0
19.09.2016 02:43:22.801,46.45,46.39,0.0001,0
19.09.2016 02:43:28.226,46.445,46.385,0.0001,0
19.09.2016 02:43:38.620,46.45,46.39,0.0001,0
19.09.2016 02:43:49.636,46.445,46.385,0.0001,0
19.09.2016 02:43:59.647,46.45,46.39,0.0001,0
19.09.2016 02:44:04.952,46.455,46.395,0.0001,0
19.09.2016 02:44:15.868,46.45,46.39,0.0001,0
19.09.2016 02:44:30.186,46.455,46.395,0.0001,0
19.09.2016 02:44:36.111,46.445,46.385,0.0001,0
19.09.2016 02:44:37.893,46.435,46.375,0.0001,0
19.09.2016 02:44:57.516,46.425000000000004,46.365,0.0001,0
19.09.2016 02:45:04.658,46.43,46.37,0.0001,0
19.09.2016 02:45:05.258,46.425000000000004,46.365,0.0001,0
19.09.2016 02:45:08.530,46.43,46.37,0.0001,0
19.09.2016 02:45:08.862,46.415,46.355000000000004,0.0001,0
19.09.2016 02:45:17.259,46.42,46.36,0.0001,0
19.09.2016 02:45:51.995,46.415,46.355000000000004,0.0001,0
19.09.2016 02:45:59.210,46.405,46.345,0.0001,0
19.09.2016 02:46:02.309,46.42,46.36,0.0001,0
19.09.2016 02:46:23.536,46.415,46.355000000000004,0.0001,0
19.09.2016 02:49:03.083,46.42,46.36,0.0001,0
19.09.2016 02:49:06.314,46.43,46.37,0.0001,0
19.09.2016 02:49:28.211,46.425000000000004,46.365,0.0001,0
19.09.2016 02:52:00.472,46.43,46.37,0.0001,0
19.09.2016 02:52:01.068,46.425000000000004,46.365,0.0001,0
19.09.2016 02:52:01.506,46.435,46.375,0.0001,0
19.09.2016 02:52:06.981,46.445,46.385,0.0001,0
19.09.2016 02:52:18.293,46.45,46.39,0.0001,0
19.09.2016 02:52:38.324,46.455,46.395,0.0001,0
19.09.2016 02:52:55.946,46.445,46.385,0.0001,0
19.09.2016 02:53:00.856,46.45,46.39,0.0001,0
19.09.2016 02:53:02.956,46.445,46.385,0.0001,0
19.09.2016 02:53:21.277,46.455,46.395,0.0001,0
19.09.2016 02:53:29.614,46.475,46.415,0.0001,0
19.09.2016 02:53:35.194,46.465,46.405,0.0001,0
19.09.2016 02:53:46.119,46.46,46.4,0.0001,0
19.09.2016 02:53:47.307,46.465,46.405,0.0001,0
19.09.2016 02:53:54.615,46.47,46.410000000000004,0.0001,0
19.09.2016 02:54:54.673,46.465,46.405,0.0001,0
19.09.2016 02:55:01.297,46.455,46.395,0.0001,0
19.09.2016 02:55:05.407,46.46,46.4,0.0001,0
19.09.2016 02:55:07.109,46.465,46.405,0.0001,0
19.09.2016 02:55:11.615,46.46,46.4,0.0001,0
19.09.2016 02:55:13.616,46.47,46.410000000000004,0.0001,0
19.09.2016 02:55:18.669,46.465,46.405,0.0001,0
19.09.2016 02:55:28.456,46.46,46.4,0.0001,0
19.09.2016 02:55:44.554,46.47,46.410000000000004,0.0001,0
19.09.2016 02:56:37.122,46.465,46.405,0.0001,0
19.09.2016 02:56:52.442,46.47,46.410000000000004,0.0001,0
19.09.2016 02:56:58.051,46.455,46.395,0.0001,0
19.09.2016 02:57:09.462,46.465,46.405,0.0001,0
19.09.2016 02:57:27.687,46.46,46.4,0.0001,0
19.09.2016 02:58:04.333,46.465,46.405,0.0001,0
19.09.2016 02:59:15.044,46.46,46.4,0.0001,0
19.09.2016 02:59:50.662,46.47,46.410000000000004,0.0001,0
19.09.2016 02:59:57.572,46.465,46.405,0.0001,0
19.09.2016 03:00:01.177,46.47,46.410000000000004,0.0001,0
19.09.2016 03:00:05.979,46.465,46.405,0.0001,0
19.09.2016 03:00:07.191,46.47,46.410000000000004,0.0001,0
19.09.2016 03:00:09.244,46.465,46.405,0.0001,0
19.09.2016 03:00:23.823,46.47,46.410000000000004,0.0001,0
19.09.2016 03:00:28.529,46.465,46.405,0.0001,0
19.09.2016 03:00:41.045,46.47,46.410000000000004,0.0001,0
19.09.2016 03:01:58.429,46.475,46.415,0.0001,0
19.09.2016 03:01:58.833,46.480000000000004,46.42,0.0001,0
19.09.2016 03:01:59.636,46.475,46.415,0.0001,0
19.09.2016 03:02:01.233,46.485,46.425000000000004,0.0001,0
19.09.2016 03:02:01.634,46.475,46.415,0.0001,0
19.09.2016 03:02:02.121,46.480000000000004,46.42,0.0001,0
19.09.2016 03:02:34.167,46.475,46.415,0.0001,0
19.09.2016 03:03:01.398,46.485,46.425000000000004,0.0001,0
19.09.2016 03:03:03.302,46.480000000000004,46.42,0.0001,0
19.09.2016 03:03:18.741,46.47,46.410000000000004,0.0001,0
19.09.2016 03:04:32.512,46.465,46.405,0.0001,0
19.09.2016 03:04:54.041,46.480000000000004,46.42,0.0001,0
19.09.2016 03:05:03.650,46.475,46.415,0.0001,0
19.09.2016 03:05:06.754,46.47,46.410000000000004,0.0001,0
19.09.2016 03:05:11.460,46.475,46.415,0.0001,0
19.09.2016 03:06:12.529,46.465,46.405,0.0001,0
19.09.2016 03:07:29.860,46.475,46.415,0.0001,0
19.09.2016 03:09:02.790,46.485,46.425000000000004,0.0001,0
19.09.2016 03:09:40.585,46.480000000000004,46.42,0.0001,0
19.09.2016 03:09:54.362,46.475,46.415,0.0001,0
19.09.2016 03:12:29.395,46.47,46.410000000000004,0.0001,0
19.09.2016 03:13:37.130,46.475,46.415,0.0001,0
19.09.2016 03:14:10.866,46.485,46.425000000000004,0.0001,0
19.09.2016 03:14:54.717,46.475,46.415,0.0001,0
19.09.2016 03:15:03.881,46.485,46.425000000000004,0.0001,0
19.09.2016 03:15:53.035,46.505,46.445,0.0001,0
19.09.2016 03:16:42.644,46.515,46.455,0.0001,0
19.09.2016 03:16:42.818,46.525,46.445,0.0001,0
19.09.2016 03:16:42.945,46.535000000000004,46.475,0.0001,0
19.09.2016 03:16:45.548,46.525,46.465,0.0001,0
19.09.2016 03:16:58.166,46.53,46.47,0.0001,0
19.09.2016 03:17:04.648,46.535000000000004,46.475,0.0001,0
19.09.2016 03:17:10.151,46.53,46.47,0.0001,0
19.09.2016 03:17:11.424,46.525,46.465,0.0001,0
19.09.2016 03:17:17.824,46.53,46.47,0.0001,0
19.09.2016 03:17:39.902,46.535000000000004,46.475,0.0001,0
19.09.2016 03:17:45.150,46.53,46.47,0.0001,0
19.09.2016 03:17:56.352,46.525,46.465,0.0001,0
19.09.2016 03:18:06.865,46.53,46.47,0.0001,0
19.09.2016 03:18:08.567,46.535000000000004,46.475,0.0001,0
19.09.2016 03:18:11.069,46.53,46.47,0.0001,0
19.09.2016 03:18:22.680,46.535000000000004,46.475,0.0001,0
19.09.2016 03:18:29.286,46.525,46.465,0.0001,0
19.09.2016 03:19:07.938,46.53,46.47,0.0001,0
19.09.2016 03:19:36.560,46.535000000000004,46.475,0.0001,0
19.09.2016 03:20:15.501,46.545,46.485,0.0001,0
19.09.2016 03:20:55.150,46.550000000000004,46.49,0.0001,0
19.09.2016 03:21:03.058,46.555,46.495,0.0001,0
19.09.2016 03:21:11.472,46.56,46.5,0.0001,0
19.09.2016 03:21:12.674,46.555,46.495,0.0001,0
19.09.2016 03:21:13.055,46.56,46.5,0.0001,0
19.09.2016 03:21:13.875,46.555,46.495,0.0001,0
19.09.2016 03:21:30.195,46.550000000000004,46.49,0.0001,0
19.09.2016 03:21:33.499,46.555,46.495,0.0001,0
19.09.2016 03:22:05.729,46.565,46.505,0.0001,0
19.09.2016 03:22:19.244,46.56,46.5,0.0001,0
19.09.2016 03:22:22.347,46.565,46.505,0.0001,0
19.09.2016 03:23:34.919,46.575,46.515,0.0001,0
19.09.2016 03:23:49.833,46.58,46.52,0.0001,0
19.09.2016 03:23:53.637,46.585,46.525,0.0001,0
19.09.2016 03:25:04.160,46.595,46.535000000000004,0.0001,0
19.09.2016 03:25:52.497,46.59,46.53,0.0001,0
19.09.2016 03:25:52.984,46.595,46.535000000000004,0.0001,0
19.09.2016 03:25:55.586,46.6,46.54,0.0001,0
19.09.2016 03:27:19.786,46.605000000000004,46.545,0.0001,0
19.09.2016 03:27:39.404,46.615,46.555,0.0001,0
19.09.2016 03:27:41.829,46.605000000000004,46.545,0.0001,0
19.09.2016 03:27:46.960,46.61,46.550000000000004,0.0001,0
19.09.2016 03:27:49.778,46.615,46.555,0.0001,0
19.09.2016 03:27:50.315,46.62,46.56,0.0001,0
19.09.2016 03:28:06.833,46.615,46.555,0.0001,0
19.09.2016 03:28:26.251,46.625,46.565,0.0001,0
19.09.2016 03:29:03.297,46.62,46.56,0.0001,0
19.09.2016 03:29:14.604,46.625,46.565,0.0001,0
19.09.2016 03:29:38.826,46.615,46.555,0.0001,0
19.09.2016 03:29:43.132,46.62,46.56,0.0001,0
19.09.2016 03:29:55.245,46.615,46.555,0.0001,0
19.09.2016 03:29:56.447,46.62,46.56,0.0001,0
19.09.2016 03:29:56.847,46.615,46.555,0.0001,0
19.09.2016 03:29:59.250,46.625,46.565,0.0001,0
19.09.2016 03:30:09.808,46.62,46.56,0.0001,0
19.09.2016 03:30:13.674,46.625,46.565,0.0001,0
19.09.2016 03:30:14.275,46.62,46.56,0.0001,0
19.09.2016 03:30:14.622,46.615,46.555,0.0001,0
19.09.2016 03:30:15.977,46.625,46.565,0.0001,0
19.09.2016 03:30:22.184,46.62,46.56,0.0001,0
19.09.2016 03:30:31.494,46.615,46.555,0.0001,0
19.09.2016 03:30:42.704,46.62,46.56,0.0001,0
19.09.2016 03:30:46.708,46.615,46.555,0.0001,0
19.09.2016 03:30:55.817,46.625,46.565,0.0001,0
19.09.2016 03:32:48.291,46.62,46.56,0.0001,0
19.09.2016 03:33:04.365,46.625,46.565,0.0001,0
19.09.2016 03:38:20.669,46.615,46.555,0.0001,0
19.09.2016 03:38:31.485,46.61,46.550000000000004,0.0001,0
19.09.2016 03:38:34.089,46.605000000000004,46.545,0.0001,0
19.09.2016 03:38:34.890,46.6,46.54,0.0001,0
19.09.2016 03:38:35.891,46.595,46.535000000000004,0.0001,0
19.09.2016 03:38:36.592,46.605000000000004,46.545,0.0001,0
19.09.2016 03:38:37.193,46.595,46.535000000000004,0.0001,0
19.09.2016 03:38:37.494,46.605000000000004,46.545,0.0001,0
19.09.2016 03:38:39.496,46.6,46.54,0.0001,0
19.09.2016 03:38:42.600,46.605000000000004,46.545,0.0001,0
19.09.2016 03:38:50.909,46.6,46.54,0.0001,0
19.09.2016 03:38:52.677,46.605000000000004,46.545,0.0001,0
19.09.2016 03:38:58.516,46.615,46.555,0.0001,0
19.09.2016 03:38:59.618,46.605000000000004,46.545,0.0001,0
19.09.2016 03:39:13.081,46.6,46.54,0.0001,0
19.09.2016 03:39:13.692,46.605000000000004,46.545,0.0001,0
19.09.2016 03:40:00.077,46.615,46.555,0.0001,0
19.09.2016 03:40:00.641,46.61,46.550000000000004,0.0001,0
19.09.2016 03:40:01.780,46.605000000000004,46.545,0.0001,0
19.09.2016 03:40:20.300,46.615,46.555,0.0001,0
19.09.2016 03:41:00.237,46.605000000000004,46.545,0.0001,0
19.09.2016 03:41:01.973,46.615,46.555,0.0001,0
19.09.2016 03:41:02.404,46.605000000000004,46.545,0.0001,0
19.09.2016 03:42:09.032,46.615,46.555,0.0001,0
19.09.2016 03:42:09.833,46.61,46.550000000000004,0.0001,0
19.09.2016 03:42:31.109,46.605000000000004,46.545,0.0001,0
19.09.2016 03:43:37.034,46.6,46.54,0.0001,0
19.09.2016 03:43:50.546,46.605000000000004,46.545,0.0001,0
19.09.2016 03:44:57.272,46.61,46.550000000000004,0.0001,0
19.09.2016 03:45:06.446,46.615,46.555,0.0001,0
19.09.2016 03:45:07.768,46.61,46.550000000000004,0.0001,0
19.09.2016 03:45:30.447,46.6,46.54,0.0001,0
19.09.2016 03:45:32.691,46.605000000000004,46.545,0.0001,0
19.09.2016 03:45:39.597,46.61,46.550000000000004,0.0001,0
19.09.2016 03:46:12.256,46.605000000000004,46.545,0.0001,0
19.09.2016 03:46:16.136,46.6,46.54,0.0001,0
19.09.2016 03:46:20.441,46.605000000000004,46.545,0.0001,0
19.09.2016 03:46:46.877,46.6,46.54,0.0001,0
19.09.2016 03:47:27.531,46.595,46.535000000000004,0.0001,0
19.09.2016 03:47:57.020,46.605000000000004,46.545,0.0001,0
19.09.2016 03:47:59.468,46.595,46.535000000000004,0.0001,0
19.09.2016 03:48:04.699,46.6,46.54,0.0001,0
19.09.2016 03:50:01.333,46.595,46.535000000000004,0.0001,0
19.09.2016 03:50:15.201,46.6,46.54,0.0001,0
19.09.2016 03:50:20.106,46.6,46.525,0.0001,0
19.09.2016 03:50:55.347,46.605000000000004,46.525,0.0001,0
19.09.2016 03:50:56.047,46.6,46.535000000000004,0.0001,0
19.09.2016 03:51:04.561,46.6,46.525,0.0001,0
19.09.2016 03:51:06.288,46.605000000000004,46.535000000000004,0.0001,0
19.09.2016 03:51:06.563,46.61,46.535000000000004,0.0001,0
19.09.2016 03:51:06.664,46.605000000000004,46.535000000000004,0.0001,0
19.09.2016 03:51:36.844,46.605000000000004,46.545,0.0001,0
19.09.2016 03:51:48.054,46.61,46.550000000000004,0.0001,0
19.09.2016 03:52:06.126,46.615,46.555,0.0001,0
19.09.2016 03:52:10.295,46.605000000000004,46.545,0.0001,0
19.09.2016 03:52:24.553,46.61,46.550000000000004,0.0001,0
19.09.2016 03:53:39.134,46.615,46.555,0.0001,0
19.09.2016 03:53:52.846,46.61,46.550000000000004,0.0001,0
19.09.2016 03:53:53.447,46.615,46.555,0.0001,0
19.09.2016 03:54:05.785,46.61,46.550000000000004,0.0001,0
19.09.2016 03:55:14.930,46.615,46.555,0.0001,0
19.09.2016 03:55:49.313,46.62,46.56,0.0001,0
19.09.2016 03:55:51.087,46.615,46.555,0.0001,0
19.09.2016 03:56:01.496,46.625,46.565,0.0001,0
19.09.2016 03:56:02.242,46.615,46.555,0.0001,0
19.09.2016 03:56:02.715,46.605000000000004,46.545,0.0001,0
19.09.2016 03:56:11.561,46.61,46.550000000000004,0.0001,0
19.09.2016 03:56:16.911,46.615,46.555,0.0001,0
19.09.2016 03:56:20.014,46.61,46.550000000000004,0.0001,0
19.09.2016 03:56:30.159,46.615,46.555,0.0001,0
19.09.2016 03:57:13.275,46.605000000000004,46.545,0.0001,0
19.09.2016 03:57:26.086,46.615,46.555,0.0001,0
19.09.2016 03:57:51.527,46.625,46.565,0.0001,0
19.09.2016 04:00:36.107,46.615,46.555,0.0001,0
19.09.2016 04:00:48.921,46.625,46.565,0.0001,0
19.09.2016 04:01:51.906,46.615,46.555,0.0001,0
19.09.2016 04:02:24.636,46.625,46.565,0.0001,0
19.09.2016 04:02:25.136,46.62,46.56,0.0001,0
19.09.2016 04:02:28.840,46.615,46.555,0.0001,0
19.09.2016 04:02:29.440,46.62,46.56,0.0001,0
19.09.2016 04:02:41.052,46.615,46.555,0.0001,0
19.09.2016 04:03:34.963,46.625,46.565,0.0001,0
19.09.2016 04:03:55.689,46.62,46.56,0.0001,0
19.09.2016 04:03:59.294,46.625,46.565,0.0001,0
19.09.2016 04:04:06.801,46.62,46.56,0.0001,0
19.09.2016 04:04:07.245,46.625,46.565,0.0001,0
19.09.2016 04:04:19.815,46.62,46.56,0.0001,0
19.09.2016 04:04:27.153,46.625,46.565,0.0001,0
19.09.2016 04:05:39.025,46.645,46.585,0.0001,0
19.09.2016 04:05:39.393,46.635,46.575,0.0001,0
19.09.2016 04:05:40.001,46.64,46.58,0.0001,0
19.09.2016 04:05:54.214,46.645,46.585,0.0001,0
19.09.2016 04:05:59.892,46.64,46.58,0.0001,0
19.09.2016 04:06:14.932,46.645,46.585,0.0001,0
19.09.2016 04:06:33.753,46.635,46.575,0.0001,0
19.09.2016 04:07:43.539,46.625,46.565,0.0001,0
19.09.2016 04:08:03.250,46.635,46.575,0.0001,0
19.09.2016 04:08:40.798,46.64,46.58,0.0001,0
19.09.2016 04:08:41.933,46.635,46.575,0.0001,0
19.09.2016 04:10:31.232,46.625,46.565,0.0001,0
19.09.2016 04:10:40.141,46.635,46.575,0.0001,0
19.09.2016 04:11:04.867,46.63,46.57,0.0001,0
19.09.2016 04:11:26.397,46.635,46.575,0.0001,0
19.09.2016 04:11:26.888,46.63,46.57,0.0001,0
19.09.2016 04:11:27.289,46.635,46.575,0.0001,0
19.09.2016 04:11:58.347,46.63,46.57,0.0001,0
19.09.2016 04:12:05.272,46.64,46.58,0.0001,0
19.09.2016 04:12:10.231,46.635,46.575,0.0001,0
19.09.2016 04:12:17.638,46.63,46.57,0.0001,0
19.09.2016 04:12:23.652,46.635,46.575,0.0001,0
19.09.2016 04:12:44.280,46.64,46.58,0.0001,0
19.09.2016 04:12:45.431,46.635,46.575,0.0001,0
19.09.2016 04:12:57.494,46.64,46.58,0.0001,0
19.09.2016 04:13:05.002,46.635,46.575,0.0001,0
19.09.2016 04:14:56.924,46.63,46.57,0.0001,0
19.09.2016 04:15:01.330,46.625,46.565,0.0001,0
19.09.2016 04:15:10.339,46.635,46.575,0.0001,0
19.09.2016 04:15:12.254,46.63,46.57,0.0001,0
19.09.2016 04:15:21.563,46.625,46.565,0.0001,0
19.09.2016 04:15:22.065,46.63,46.57,0.0001,0
19.09.2016 04:15:34.776,46.635,46.575,0.0001,0
19.09.2016 04:15:49.790,46.63,46.57,0.0001,0
19.09.2016 04:15:57.699,46.625,46.565,0.0001,0
19.09.2016 04:16:00.618,46.635,46.575,0.0001,0
19.09.2016 04:16:02.705,46.62,46.56,0.0001,0
19.09.2016 04:16:06.508,46.605000000000004,46.545,0.0001,0
19.09.2016 04:16:26.919,46.615,46.555,0.0001,0
19.09.2016 04:16:27.260,46.62,46.56,0.0001,0
19.09.2016 04:17:00.164,46.615,46.555,0.0001,0
19.09.2016 04:17:00.665,46.62,46.56,0.0001,0
19.09.2016 04:17:16.018,46.62,46.56,0.0001,0
19.09.2016 04:17:21.392,46.605000000000004,46.545,0.0001,0
19.09.2016 04:17:24.523,46.595,46.535000000000004,0.0001,0
19.09.2016 04:17:26.686,46.6,46.54,0.0001,0
19.09.2016 04:17:29.242,46.605000000000004,46.545,0.0001,0
19.09.2016 04:17:36.306,46.6,46.54,0.0001,0
19.09.2016 04:17:44.715,46.595,46.535000000000004,0.0001,0
19.09.2016 04:18:05.135,46.605000000000004,46.545,0.0001,0
19.09.2016 04:18:18.751,46.595,46.535000000000004,0.0001,0
19.09.2016 04:18:38.795,46.605000000000004,46.545,0.0001,0
19.09.2016 04:19:11.660,46.6,46.54,0.0001,0
19.09.2016 04:19:25.394,46.605000000000004,46.545,0.0001,0
19.09.2016 04:20:02.646,46.615,46.555,0.0001,0
19.09.2016 04:20:08.473,46.605000000000004,46.545,0.0001,0
19.09.2016 04:20:43.883,46.6,46.54,0.0001,0
19.09.2016 04:20:54.208,46.595,46.535000000000004,0.0001,0
19.09.2016 04:21:18.540,46.605000000000004,46.545,0.0001,0
19.09.2016 04:21:18.874,46.595,46.535000000000004,0.0001,0
19.09.2016 04:22:45.825,46.59,46.53,0.0001,0
19.09.2016 04:22:48.628,46.58,46.52,0.0001,0
19.09.2016 04:22:51.971,46.585,46.525,0.0001,0
19.09.2016 04:23:10.166,46.58,46.52,0.0001,0
19.09.2016 04:23:21.175,46.575,46.515,0.0001,0
19.09.2016 04:24:04.037,46.58,46.52,0.0001,0
19.09.2016 04:24:52.694,46.575,46.515,0.0001,0
19.09.2016 04:33:11.301,46.565,46.505,0.0001,0
19.09.2016 04:33:21.510,46.57,46.51,0.0001,0
19.09.2016 04:33:32.320,46.565,46.505,0.0001,0
19.09.2016 04:33:36.371,46.57,46.51,0.0001,0
19.09.2016 04:33:41.730,46.575,46.515,0.0001,0
19.09.2016 04:33:45.538,46.57,46.51,0.0001,0
19.09.2016 04:33:48.637,46.565,46.505,0.0001,0
19.09.2016 04:33:55.063,46.57,46.51,0.0001,0
19.09.2016 04:33:57.419,46.565,46.505,0.0001,0
19.09.2016 04:34:08.574,46.57,46.51,0.0001,0
19.09.2016 04:34:14.059,46.565,46.505,0.0001,0
19.09.2016 04:34:20.165,46.57,46.51,0.0001,0
19.09.2016 04:34:30.603,46.565,46.505,0.0001,0
19.09.2016 04:34:46.293,46.57,46.51,0.0001,0
19.09.2016 04:34:46.715,46.565,46.505,0.0001,0
19.09.2016 04:34:54.803,46.57,46.51,0.0001,0
19.09.2016 04:35:06.915,46.575,46.515,0.0001,0
19.09.2016 04:36:01.170,46.565,46.505,0.0001,0
19.09.2016 04:37:44.876,46.56,46.5,0.0001,0
19.09.2016 04:37:52.800,46.555,46.495,0.0001,0
19.09.2016 04:38:14.201,46.550000000000004,46.49,0.0001,0
19.09.2016 04:38:38.422,46.555,46.495,0.0001,0
19.09.2016 04:39:14.191,46.56,46.5,0.0001,0
19.09.2016 04:41:12.350,46.555,46.495,0.0001,0
19.09.2016 04:41:20.257,46.56,46.5,0.0001,0
19.09.2016 04:41:57.067,46.565,46.505,0.0001,0
19.09.2016 04:42:12.466,46.56,46.5,0.0001,0
19.09.2016 04:43:22.835,46.555,46.495,0.0001,0
19.09.2016 04:43:56.862,46.565,46.505,0.0001,0
19.09.2016 04:44:28.794,46.56,46.5,0.0001,0
19.09.2016 04:45:32.222,46.565,46.505,0.0001,0
19.09.2016 04:48:46.860,46.56,46.5,0.0001,0
19.09.2016 04:48:54.864,46.565,46.505,0.0001,0
19.09.2016 04:49:45.929,46.56,46.5,0.0001,0
19.09.2016 04:49:46.229,46.565,46.505,0.0001,0
19.09.2016 04:50:00.096,46.57,46.51,0.0001,0
19.09.2016 04:50:17.470,46.565,46.505,0.0001,0
19.09.2016 04:51:51.261,46.56,46.5,0.0001,0
19.09.2016 04:52:05.675,46.555,46.495,0.0001,0
19.09.2016 04:52:48.915,46.565,46.485,0.0001,0
19.09.2016 04:52:56.641,46.535000000000004,46.475,0.0001,0
19.09.2016 04:53:47.982,46.545,46.485,0.0001,0
19.09.2016 04:53:49.277,46.54,46.480000000000004,0.0001,0
19.09.2016 04:53:54.182,46.535000000000004,46.475,0.0001,0
19.09.2016 04:54:01.389,46.54,46.480000000000004,0.0001,0
19.09.2016 04:54:15.003,46.535000000000004,46.475,0.0001,0
19.09.2016 04:54:27.417,46.54,46.480000000000004,0.0001,0
19.09.2016 04:54:29.030,46.545,46.485,0.0001,0
19.09.2016 04:54:29.640,46.555,46.495,0.0001,0
19.09.2016 04:55:01.648,46.535000000000004,46.475,0.0001,0
19.09.2016 04:55:28.214,46.54,46.480000000000004,0.0001,0
19.09.2016 04:55:50.395,46.545,46.485,0.0001,0
19.09.2016 04:57:10.765,46.555,46.495,0.0001,0
19.09.2016 04:57:11.566,46.545,46.485,0.0001,0
19.09.2016 04:57:30.581,46.555,46.495,0.0001,0
19.09.2016 04:57:35.685,46.550000000000004,46.49,0.0001,0
19.09.2016 04:57:49.496,46.555,46.495,0.0001,0
19.09.2016 04:58:02.906,46.56,46.5,0.0001,0
19.09.2016 04:58:03.479,46.555,46.495,0.0001,0
19.09.2016 04:58:09.613,46.56,46.5,0.0001,0
19.09.2016 04:59:39.217,46.565,46.505,0.0001,0
19.09.2016 05:00:38.571,46.57,46.51,0.0001,0
19.09.2016 05:00:44.395,46.58,46.52,0.0001,0
19.09.2016 05:00:47.280,46.585,46.525,0.0001,0
19.09.2016 05:00:47.775,46.58,46.52,0.0001,0
19.09.2016 05:00:59.590,46.575,46.515,0.0001,0
19.09.2016 05:01:00.594,46.58,46.52,0.0001,0
19.09.2016 05:01:13.603,46.575,46.515,0.0001,0
19.09.2016 05:01:26.413,46.58,46.52,0.0001,0
19.09.2016 05:02:10.346,46.585,46.525,0.0001,0
19.09.2016 05:02:51.181,46.595,46.535000000000004,0.0001,0
19.09.2016 05:03:49.930,46.59,46.53,0.0001,0
19.09.2016 05:05:11.757,46.595,46.535000000000004,0.0001,0
19.09.2016 05:07:00.321,46.59,46.53,0.0001,0
19.09.2016 05:07:10.946,46.595,46.535000000000004,0.0001,0
19.09.2016 05:07:47.174,46.59,46.53,0.0001,0
19.09.2016 05:07:58.218,46.585,46.525,0.0001,0
19.09.2016 05:08:46.824,46.58,46.52,0.0001,0
19.09.2016 05:09:44.993,46.575,46.515,0.0001,0
19.09.2016 05:11:32.130,46.565,46.505,0.0001,0
19.09.2016 05:13:03.538,46.555,46.495,0.0001,0
19.09.2016 05:13:06.977,46.56,46.5,0.0001,0
19.09.2016 05:13:12.188,46.565,46.505,0.0001,0
19.09.2016 05:13:43.016,46.57,46.51,0.0001,0
19.09.2016 05:13:44.016,46.565,46.505,0.0001,0
19.09.2016 05:13:44.542,46.57,46.51,0.0001,0
19.09.2016 05:13:45.318,46.565,46.505,0.0001,0
19.09.2016 05:13:45.814,46.57,46.51,0.0001,0
19.09.2016 05:13:46.142,46.565,46.505,0.0001,0
19.09.2016 05:13:46.474,46.57,46.51,0.0001,0
19.09.2016 05:13:58.630,46.565,46.505,0.0001,0
19.09.2016 05:20:21.983,46.57,46.51,0.0001,0
19.09.2016 05:20:25.386,46.565,46.505,0.0001,0
19.09.2016 05:20:26.309,46.57,46.51,0.0001,0
19.09.2016 05:20:31.491,46.565,46.505,0.0001,0
19.09.2016 05:21:10.121,46.57,46.51,0.0001,0
19.09.2016 05:21:10.624,46.565,46.505,0.0001,0
19.09.2016 05:21:11.157,46.57,46.51,0.0001,0
19.09.2016 05:21:14.027,46.565,46.505,0.0001,0
19.09.2016 05:21:14.358,46.57,46.51,0.0001,0
19.09.2016 05:21:16.830,46.565,46.505,0.0001,0
19.09.2016 05:21:18.131,46.57,46.51,0.0001,0
19.09.2016 05:21:18.439,46.565,46.505,0.0001,0
19.09.2016 05:21:18.832,46.57,46.51,0.0001,0
19.09.2016 05:21:19.165,46.565,46.505,0.0001,0
19.09.2016 05:21:19.834,46.57,46.51,0.0001,0
19.09.2016 05:21:43.753,46.565,46.505,0.0001,0
19.09.2016 05:21:46.855,46.56,46.5,0.0001,0
19.09.2016 05:25:37.047,46.555,46.495,0.0001,0
19.09.2016 05:25:41.351,46.550000000000004,46.49,0.0001,0
19.09.2016 05:25:48.457,46.555,46.495,0.0001,0
19.09.2016 05:25:53.576,46.550000000000004,46.49,0.0001,0
19.09.2016 05:26:02.168,46.555,46.495,0.0001,0
19.09.2016 05:26:08.073,46.550000000000004,46.49,0.0001,0
19.09.2016 05:26:21.283,46.555,46.495,0.0001,0
19.09.2016 05:27:12.027,46.56,46.5,0.0001,0
19.09.2016 05:28:20.986,46.555,46.495,0.0001,0
19.09.2016 05:28:21.686,46.550000000000004,46.49,0.0001,0
19.09.2016 05:28:36.298,46.545,46.485,0.0001,0
19.09.2016 05:32:45.003,46.56,46.5,0.0001,0
19.09.2016 05:32:59.411,46.565,46.505,0.0001,0
19.09.2016 05:33:00.021,46.57,46.51,0.0001,0
19.09.2016 05:33:10.221,46.565,46.505,0.0001,0
19.09.2016 05:34:07.740,46.57,46.51,0.0001,0
19.09.2016 05:34:20.252,46.575,46.515,0.0001,0
19.09.2016 05:35:03.788,46.565,46.505,0.0001,0
19.09.2016 05:35:04.157,46.575,46.515,0.0001,0
19.09.2016 05:35:04.689,46.57,46.51,0.0001,0
19.09.2016 05:35:24.212,46.565,46.505,0.0001,0
19.09.2016 05:35:41.160,46.575,46.515,0.0001,0
19.09.2016 05:35:43.729,46.565,46.505,0.0001,0
19.09.2016 05:35:47.932,46.57,46.51,0.0001,0
19.09.2016 05:35:49.447,46.565,46.505,0.0001,0
19.09.2016 05:35:50.335,46.57,46.51,0.0001,0
19.09.2016 05:35:51.737,46.565,46.505,0.0001,0
19.09.2016 05:36:01.344,46.57,46.51,0.0001,0
19.09.2016 05:36:08.349,46.565,46.505,0.0001,0
19.09.2016 05:36:12.746,46.575,46.515,0.0001,0
19.09.2016 05:36:30.368,46.57,46.51,0.0001,0
19.09.2016 05:39:45.854,46.575,46.515,0.0001,0
19.09.2016 05:39:47.756,46.57,46.51,0.0001,0
19.09.2016 05:42:34.903,46.555,46.495,0.0001,0
19.09.2016 05:43:49.671,46.550000000000004,46.49,0.0001,0
19.09.2016 05:43:59.680,46.555,46.495,0.0001,0
19.09.2016 05:44:22.611,46.565,46.505,0.0001,0
19.09.2016 05:44:57.837,46.555,46.495,0.0001,0
19.09.2016 05:45:14.153,46.550000000000004,46.49,0.0001,0
19.09.2016 05:45:18.357,46.555,46.495,0.0001,0
19.09.2016 05:45:35.376,46.550000000000004,46.49,0.0001,0
19.09.2016 05:45:46.984,46.555,46.495,0.0001,0
19.09.2016 05:46:08.902,46.550000000000004,46.49,0.0001,0
19.09.2016 05:46:21.713,46.555,46.495,0.0001,0
19.09.2016 05:46:58.044,46.57,46.51,0.0001,0
19.09.2016 05:47:48.227,46.575,46.515,0.0001,0
19.09.2016 05:48:26.328,46.57,46.51,0.0001,0
19.09.2016 05:48:26.900,46.565,46.505,0.0001,0
19.09.2016 05:48:38.242,46.57,46.51,0.0001,0
19.09.2016 05:49:26.163,46.565,46.505,0.0001,0
19.09.2016 05:50:24.820,46.57,46.51,0.0001,0
19.09.2016 05:50:57.346,46.56,46.5,0.0001,0
19.09.2016 05:51:56.043,46.555,46.495,0.0001,0
19.09.2016 05:53:08.270,46.545,46.485,0.0001,0
19.09.2016 05:53:08.723,46.555,46.495,0.0001,0
19.09.2016 05:57:33.814,46.56,46.5,0.0001,0
19.09.2016 05:58:01.688,46.555,46.495,0.0001,0
19.09.2016 05:58:51.587,46.550000000000004,46.49,0.0001,0
19.09.2016 05:59:02.996,46.555,46.495,0.0001,0
19.09.2016 05:59:22.027,46.550000000000004,46.49,0.0001,0
19.09.2016 05:59:24.029,46.545,46.485,0.0001,0
19.09.2016 05:59:42.165,46.54,46.480000000000004,0.0001,0
19.09.2016 06:00:50.865,46.545,46.485,0.0001,0
19.09.2016 06:01:02.641,46.550000000000004,46.49,0.0001,0
19.09.2016 06:01:10.253,46.555,46.495,0.0001,0
19.09.2016 06:04:02.138,46.550000000000004,46.49,0.0001,0
19.09.2016 06:04:02.538,46.555,46.495,0.0001,0
19.09.2016 06:08:54.405,46.56,46.5,0.0001,0
19.09.2016 06:09:10.518,46.555,46.495,0.0001,0
19.09.2016 06:09:35.042,46.56,46.5,0.0001,0
19.09.2016 06:09:55.260,46.565,46.505,0.0001,0
19.09.2016 06:15:00.608,46.56,46.5,0.0001,0
19.09.2016 06:15:50.756,46.555,46.495,0.0001,0
19.09.2016 06:17:19.206,46.56,46.5,0.0001,0
19.09.2016 06:18:00.044,46.565,46.505,0.0001,0
19.09.2016 06:20:30.949,46.575,46.515,0.0001,0
19.09.2016 06:22:11.481,46.565,46.505,0.0001,0
19.09.2016 06:22:15.036,46.555,46.495,0.0001,0
19.09.2016 06:23:18.402,46.565,46.505,0.0001,0
19.09.2016 06:23:18.706,46.56,46.5,0.0001,0
19.09.2016 06:23:30.420,46.555,46.495,0.0001,0
19.09.2016 06:23:37.728,46.565,46.505,0.0001,0
19.09.2016 06:24:23.875,46.575,46.515,0.0001,0
19.09.2016 06:24:31.583,46.565,46.505,0.0001,0
19.09.2016 06:24:52.802,46.57,46.51,0.0001,0
19.09.2016 06:25:09.618,46.575,46.515,0.0001,0
19.09.2016 06:25:21.329,46.57,46.51,0.0001,0
19.09.2016 06:25:31.439,46.56,46.5,0.0001,0
19.09.2016 06:26:15.280,46.565,46.505,0.0001,0
19.09.2016 06:26:31.496,46.56,46.5,0.0001,0
19.09.2016 06:26:31.997,46.565,46.505,0.0001,0
19.09.2016 06:26:50.220,46.56,46.5,0.0001,0
19.09.2016 06:27:00.631,46.565,46.505,0.0001,0
19.09.2016 06:27:44.679,46.57,46.51,0.0001,0
19.09.2016 06:27:56.208,46.565,46.505,0.0001,0
19.09.2016 06:29:34.876,46.555,46.495,0.0001,0
19.09.2016 06:31:25.694,46.565,46.505,0.0001,0
19.09.2016 06:31:58.527,46.56,46.5,0.0001,0
19.09.2016 06:32:07.435,46.555,46.495,0.0001,0
19.09.2016 06:32:24.151,46.56,46.5,0.0001,0
19.09.2016 06:33:08.718,46.565,46.505,0.0001,0
19.09.2016 06:33:42.482,46.56,46.5,0.0001,0
19.09.2016 06:34:05.956,46.555,46.495,0.0001,0
19.09.2016 06:34:08.558,46.56,46.5,0.0001,0
19.09.2016 06:34:47.718,46.565,46.505,0.0001,0
19.09.2016 06:35:00.529,46.56,46.5,0.0001,0
19.09.2016 06:35:00.934,46.555,46.495,0.0001,0
19.09.2016 06:35:44.876,46.565,46.505,0.0001,0
19.09.2016 06:37:38.009,46.56,46.5,0.0001,0
19.09.2016 06:37:43.788,46.555,46.495,0.0001,0
19.09.2016 06:38:33.951,46.545,46.485,0.0001,0
19.09.2016 06:38:36.754,46.535000000000004,46.475,0.0001,0
19.09.2016 06:38:40.458,46.555,46.495,0.0001,0
19.09.2016 06:38:42.385,46.545,46.485,0.0001,0
19.09.2016 06:38:44.068,46.54,46.480000000000004,0.0001,0
19.09.2016 06:38:46.670,46.535000000000004,46.475,0.0001,0
19.09.2016 06:38:47.071,46.54,46.480000000000004,0.0001,0
19.09.2016 06:38:58.386,46.535000000000004,46.475,0.0001,0
19.09.2016 06:39:11.323,46.54,46.480000000000004,0.0001,0
19.09.2016 06:39:12.005,46.535000000000004,46.475,0.0001,0
19.09.2016 06:39:13.106,46.54,46.480000000000004,0.0001,0
19.09.2016 06:39:17.410,46.535000000000004,46.475,0.0001,0
19.09.2016 06:39:47.590,46.545,46.485,0.0001,0
19.09.2016 06:39:57.822,46.54,46.480000000000004,0.0001,0
19.09.2016 06:39:59.298,46.535000000000004,46.475,0.0001,0
19.09.2016 06:40:12.801,46.53,46.47,0.0001,0
19.09.2016 06:40:15.104,46.535000000000004,46.465,0.0001,0
19.09.2016 06:40:15.405,46.51,46.45,0.0001,0
19.09.2016 06:40:15.873,46.505,46.445,0.0001,0
19.09.2016 06:40:21.216,46.51,46.45,0.0001,0
19.09.2016 06:40:22.458,46.515,46.455,0.0001,0
19.09.2016 06:40:24.617,46.525,46.465,0.0001,0
19.09.2016 06:40:25.418,46.52,46.46,0.0001,0
19.09.2016 06:40:33.530,46.525,46.465,0.0001,0
19.09.2016 06:40:33.858,46.52,46.46,0.0001,0
19.09.2016 06:40:34.570,46.515,46.455,0.0001,0
19.09.2016 06:40:52.350,46.525,46.465,0.0001,0
19.09.2016 06:40:53.451,46.53,46.47,0.0001,0
19.09.2016 06:40:53.953,46.535000000000004,46.475,0.0001,0
19.09.2016 06:40:54.461,46.525,46.465,0.0001,0
19.09.2016 06:41:08.777,46.535000000000004,46.475,0.0001,0
19.09.2016 06:41:09.527,46.53,46.47,0.0001,0
19.09.2016 06:41:09.978,46.535000000000004,46.475,0.0001,0
19.09.2016 06:41:11.881,46.545,46.465,0.0001,0
19.09.2016 06:41:12.182,46.51,46.45,0.0001,0
19.09.2016 06:41:30.348,46.505,46.445,0.0001,0
19.09.2016 06:41:33.022,46.51,46.45,0.0001,0
19.09.2016 06:42:05.253,46.515,46.455,0.0001,0
19.09.2016 06:42:26.567,46.52,46.46,0.0001,0
19.09.2016 06:42:31.890,46.515,46.455,0.0001,0
19.09.2016 06:42:48.194,46.505,46.445,0.0001,0
19.09.2016 06:42:57.006,46.5,46.44,0.0001,0
19.09.2016 06:43:04.226,46.485,46.425000000000004,0.0001,0
19.09.2016 06:43:25.404,46.49,46.43,0.0001,0
19.09.2016 06:43:48.861,46.495,46.435,0.0001,0
19.09.2016 06:43:49.868,46.505,46.445,0.0001,0
19.09.2016 06:43:54.003,46.495,46.435,0.0001,0
19.09.2016 06:44:07.689,46.5,46.44,0.0001,0
19.09.2016 06:44:09.303,46.505,46.445,0.0001,0
19.09.2016 06:44:25.307,46.495,46.435,0.0001,0
19.09.2016 06:44:38.745,46.49,46.43,0.0001,0
19.09.2016 06:44:53.684,46.495,46.435,0.0001,0
19.09.2016 06:45:08.065,46.485,46.425000000000004,0.0001,0
19.09.2016 06:45:45.700,46.495,46.435,0.0001,0
19.09.2016 06:45:59.041,46.505,46.445,0.0001,0
19.09.2016 06:45:59.630,46.5,46.44,0.0001,0
19.09.2016 06:46:06.318,46.495,46.435,0.0001,0
19.09.2016 06:47:11.677,46.505,46.445,0.0001,0
19.09.2016 06:47:24.589,46.51,46.45,0.0001,0
19.09.2016 06:47:39.529,46.505,46.445,0.0001,0
19.09.2016 06:48:22.431,46.515,46.455,0.0001,0
19.09.2016 06:48:47.394,46.51,46.45,0.0001,0
19.09.2016 06:48:51.397,46.505,46.445,0.0001,0
19.09.2016 06:49:08.714,46.51,46.45,0.0001,0
19.09.2016 06:49:10.716,46.505,46.445,0.0001,0
19.09.2016 06:49:27.033,46.51,46.45,0.0001,0
19.09.2016 06:49:39.745,46.505,46.445,0.0001,0
19.09.2016 06:50:09.876,46.515,46.455,0.0001,0
19.09.2016 06:50:29.993,46.505,46.445,0.0001,0
19.09.2016 06:50:41.604,46.51,46.45,0.0001,0
19.09.2016 06:50:43.387,46.515,46.455,0.0001,0
19.09.2016 06:51:06.935,46.51,46.45,0.0001,0
19.09.2016 06:51:12.031,46.515,46.455,0.0001,0
19.09.2016 06:51:50.489,46.51,46.45,0.0001,0
19.09.2016 06:52:03.108,46.515,46.455,0.0001,0
19.09.2016 06:52:03.550,46.52,46.46,0.0001,0
19.09.2016 06:52:28.833,46.515,46.455,0.0001,0
19.09.2016 06:53:06.218,46.52,46.46,0.0001,0
19.09.2016 06:53:09.021,46.515,46.455,0.0001,0
19.09.2016 06:53:45.131,46.52,46.46,0.0001,0
19.09.2016 06:54:14.460,46.515,46.455,0.0001,0
19.09.2016 06:54:47.290,46.52,46.46,0.0001,0
19.09.2016 06:56:15.405,46.515,46.455,0.0001,0
19.09.2016 06:56:38.599,46.52,46.46,0.0001,0
19.09.2016 06:56:40.702,46.515,46.455,0.0001,0
19.09.2016 06:56:50.611,46.52,46.46,0.0001,0
19.09.2016 06:56:53.994,46.515,46.455,0.0001,0
19.09.2016 06:57:09.030,46.52,46.46,0.0001,0
19.09.2016 06:58:02.777,46.525,46.465,0.0001,0
19.09.2016 06:58:04.579,46.53,46.47,0.0001,0
19.09.2016 06:58:16.519,46.535000000000004,46.475,0.0001,0
19.09.2016 06:59:51.191,46.525,46.465,0.0001,0
19.09.2016 06:59:56.786,46.515,46.455,0.0001,0
19.09.2016 07:00:10.856,46.52,46.46,0.0001,0
19.09.2016 07:00:11.461,46.52,46.46,0,0.0001
19.09.2016 07:00:13.349,46.52,46.465,0,0
19.09.2016 07:00:13.627,46.525,46.465,0,0.0001
19.09.2016 07:00:23.172,46.52,46.465,0,0
19.09.2016 07:00:27.027,46.52,46.46,0,0.0001
19.09.2016 07:00:33.395,46.52,46.465,0,0
19.09.2016 07:00:34.498,46.52,46.47,0,0
19.09.2016 07:00:36.156,46.53,46.47,0,0.0001
19.09.2016 07:00:50.261,46.53,46.475,0,0
19.09.2016 07:00:50.676,46.535000000000004,46.475,0,0.0001
19.09.2016 07:00:51.384,46.535000000000004,46.480000000000004,0,0
19.09.2016 07:00:52.436,46.535000000000004,46.475,0,0.0001
19.09.2016 07:00:52.486,46.535000000000004,46.480000000000004,0,0
19.09.2016 07:01:03.709,46.54,46.480000000000004,0,0.0001
19.09.2016 07:01:12.688,46.54,46.485,0,0
19.09.2016 07:01:12.835,46.545,46.485,0,0.0001
19.09.2016 07:01:14.398,46.545,46.49,0,0
19.09.2016 07:01:16.268,46.545,46.495,0,0
19.09.2016 07:01:16.866,46.555,46.495,0,0.0001
19.09.2016 07:01:26.038,46.545,46.495,0,0
19.09.2016 07:01:26.435,46.545,46.485,0,0.0001
19.09.2016 07:02:04.707,46.545,46.495,0,0
19.09.2016 07:02:06.816,46.555,46.495,0,0.0001
19.09.2016 07:02:42.674,46.555,46.505,0,0
19.09.2016 07:02:47.881,46.565,46.51,0,0
19.09.2016 07:02:53.684,46.57,46.51,0,0.0001
19.09.2016 07:02:53.792,46.565,46.51,0,0
19.09.2016 07:03:00.603,46.57,46.515,0,0
19.09.2016 07:03:01.164,46.575,46.515,0,0.0001
19.09.2016 07:03:05.440,46.575,46.525,0,0
19.09.2016 07:03:06.004,46.585,46.525,0,0.0001
19.09.2016 07:03:08.220,46.575,46.525,0,0
19.09.2016 07:03:08.421,46.585,46.525,0,0.0001
19.09.2016 07:04:06.058,46.585,46.525,0.0001,0
19.09.2016 07:04:07.908,46.575,46.515,0.0001,0
19.09.2016 07:04:11.134,46.575,46.52,0,0
19.09.2016 07:04:22.715,46.575,46.515,0,0.0001
19.09.2016 07:04:23.930,46.575,46.525,0,0
19.09.2016 07:04:25.932,46.575,46.515,0,0.0001
19.09.2016 07:04:31.527,46.57,46.515,0,0
19.09.2016 07:04:31.856,46.57,46.51,0,0.0001
19.09.2016 07:04:32.253,46.57,46.515,0,0
19.09.2016 07:04:41.561,46.575,46.515,0,0.0001
19.09.2016 07:04:41.933,46.575,46.52,0,0
19.09.2016 07:04:43.957,46.58,46.525,0,0
19.09.2016 07:04:45.923,46.585,46.525,0,0.0001
19.09.2016 07:04:53.144,46.585,46.535000000000004,0,0
19.09.2016 07:04:53.292,46.595,46.535000000000004,0,0.0001
19.09.2016 07:05:15.552,46.585,46.535000000000004,0,0
19.09.2016 07:05:16.210,46.585,46.525,0,0.0001
19.09.2016 07:05:27.392,46.585,46.53,0,0
19.09.2016 07:05:37.763,46.59,46.53,0,0.0001
19.09.2016 07:05:40.967,46.585,46.53,0,0
19.09.2016 07:05:41.582,46.585,46.525,0,0.0001
19.09.2016 07:05:43.470,46.585,46.53,0,0
19.09.2016 07:05:43.562,46.59,46.53,0,0.0001
19.09.2016 07:05:47.370,46.585,46.53,0,0
19.09.2016 07:05:58.005,46.585,46.525,0,0.0001
19.09.2016 07:06:32.631,46.585,46.53,0,0
19.09.2016 07:06:33.731,46.585,46.525,0,0.0001
19.09.2016 07:06:51.221,46.585,46.53,0,0
19.09.2016 07:06:51.389,46.59,46.53,0,0.0001
19.09.2016 07:07:08.702,46.59,46.535000000000004,0,0
19.09.2016 07:07:11.131,46.595,46.535000000000004,0,0.0001
19.09.2016 07:07:33.580,46.59,46.535000000000004,0,0
19.09.2016 07:07:45.977,46.59,46.53,0,0.0001
19.09.2016 07:07:47.151,46.585,46.53,0,0
19.09.2016 07:07:56.306,46.585,46.525,0,0.0001
19.09.2016 07:07:59.300,46.585,46.535000000000004,0,0
19.09.2016 07:08:00.200,46.595,46.535000000000004,0,0.0001
19.09.2016 07:08:04.206,46.595,46.54,0,0
19.09.2016 07:08:06.086,46.6,46.54,0,0.0001
19.09.2016 07:08:08.624,46.595,46.54,0,0
19.09.2016 07:08:10.026,46.6,46.54,0,0.0001
19.09.2016 07:08:10.320,46.595,46.54,0,0
19.09.2016 07:08:10.980,46.6,46.54,0,0.0001
19.09.2016 07:08:18.518,46.595,46.54,0,0
19.09.2016 07:08:19.044,46.59,46.54,0,0
19.09.2016 07:08:21.187,46.59,46.53,0,0.0001
19.09.2016 07:08:21.650,46.585,46.53,0,0
19.09.2016 07:08:30.767,46.585,46.525,0,0.0001
19.09.2016 07:08:46.412,46.575,46.525,0,0
19.09.2016 07:08:57.171,46.575,46.515,0,0.0001
19.09.2016 07:09:24.078,46.565,46.515,0,0
19.09.2016 07:09:26.008,46.565,46.505,0,0.0001
19.09.2016 07:09:34.093,46.565,46.51,0,0
19.09.2016 07:09:34.193,46.565,46.505,0,0.0001
19.09.2016 07:09:51.315,46.56,46.505,0,0
19.09.2016 07:09:52.115,46.565,46.505,0,0.0001
19.09.2016 07:09:52.750,46.56,46.505,0,0
19.09.2016 07:09:54.319,46.56,46.5,0,0.0001
19.09.2016 07:09:56.205,46.555,46.5,0,0
19.09.2016 07:09:59.629,46.555,46.495,0,0.0001
19.09.2016 07:10:01.123,46.555,46.5,0,0
19.09.2016 07:10:07.346,46.56,46.505,0,0
19.09.2016 07:10:07.708,46.565,46.505,0,0.0001
19.09.2016 07:10:11.852,46.56,46.505,0,0
19.09.2016 07:10:12.276,46.555,46.505,0,0
19.09.2016 07:10:12.768,46.555,46.495,0,0.0001
19.09.2016 07:10:12.987,46.555,46.505,0,0
19.09.2016 07:10:13.780,46.565,46.505,0,0.0001
19.09.2016 07:10:27.288,46.56,46.505,0,0
19.09.2016 07:10:30.148,46.565,46.505,0,0.0001
19.09.2016 07:10:43.795,46.555,46.505,0,0
19.09.2016 07:10:56.612,46.565,46.505,0,0.0001
19.09.2016 07:11:12.637,46.555,46.505,0,0
19.09.2016 07:11:13.057,46.555,46.495,0,0.0001
19.09.2016 07:11:16.113,46.555,46.505,0,0
19.09.2016 07:11:16.907,46.565,46.505,0,0.0001
19.09.2016 07:12:02.348,46.56,46.505,0,0
19.09.2016 07:12:02.427,46.56,46.5,0,0.0001
19.09.2016 07:12:02.600,46.555,46.5,0,0
19.09.2016 07:12:03.556,46.555,46.495,0,0.0001
19.09.2016 07:12:20.625,46.550000000000004,46.495,0,0
19.09.2016 07:12:20.716,46.545,46.49,0,0
19.09.2016 07:12:20.767,46.545,46.485,0,0.0001
19.09.2016 07:12:57.246,46.545,46.495,0,0
19.09.2016 07:13:04.983,46.555,46.5,0,0
19.09.2016 07:13:07.036,46.56,46.5,0,0.0001
19.09.2016 07:13:27.176,46.56,46.505,0,0
19.09.2016 07:13:28.166,46.56,46.5,0,0.0001
19.09.2016 07:13:30.890,46.56,46.505,0,0
19.09.2016 07:13:31.466,46.565,46.505,0,0.0001
19.09.2016 07:13:41.633,46.565,46.51,0,0
19.09.2016 07:13:42.465,46.57,46.51,0,0.0001
19.09.2016 07:13:45.937,46.565,46.51,0,0
19.09.2016 07:13:46.865,46.565,46.505,0,0.0001
19.09.2016 07:14:07.475,46.565,46.51,0,0
19.09.2016 07:14:10.185,46.57,46.51,0,0.0001
19.09.2016 07:14:11.946,46.565,46.51,0,0
19.09.2016 07:14:13.983,46.565,46.515,0,0
19.09.2016 07:14:15.904,46.575,46.515,0,0.0001
19.09.2016 07:14:18.831,46.575,46.525,0,0
19.09.2016 07:14:21.075,46.585,46.525,0,0.0001
19.09.2016 07:14:31.415,46.575,46.525,0,0
19.09.2016 07:14:31.607,46.575,46.515,0,0.0001
19.09.2016 07:14:32.616,46.575,46.52,0,0
19.09.2016 07:14:33.504,46.575,46.515,0,0.0001
19.09.2016 07:14:53.535,46.575,46.52,0,0
19.09.2016 07:14:53.806,46.58,46.52,0,0.0001
19.09.2016 07:14:58.460,46.575,46.52,0,0
19.09.2016 07:15:00.560,46.58,46.52,0,0.0001
19.09.2016 07:15:03.014,46.575,46.52,0,0
19.09.2016 07:15:03.065,46.575,46.515,0,0.0001
19.09.2016 07:15:05.852,46.575,46.52,0,0
19.09.2016 07:15:06.953,46.58,46.52,0,0.0001
19.09.2016 07:15:14.762,46.58,46.525,0,0
19.09.2016 07:15:16.973,46.585,46.525,0,0.0001
19.09.2016 07:15:28.584,46.58,46.525,0,0
19.09.2016 07:15:29.013,46.575,46.525,0,0
19.09.2016 07:15:29.987,46.58,46.525,0,0
19.09.2016 07:15:31.053,46.575,46.52,0,0
19.09.2016 07:15:31.493,46.58,46.52,0,0.0001
19.09.2016 07:15:36.697,46.575,46.52,0,0
19.09.2016 07:15:36.993,46.575,46.515,0,0.0001
19.09.2016 07:15:40.706,46.575,46.52,0,0
19.09.2016 07:15:41.608,46.575,46.515,0,0.0001
19.09.2016 07:15:43.164,46.575,46.52,0,0
19.09.2016 07:15:43.325,46.58,46.52,0,0.0001
19.09.2016 07:15:44.357,46.575,46.52,0,0
19.09.2016 07:15:46.013,46.575,46.515,0,0.0001
19.09.2016 07:15:46.381,46.575,46.52,0,0
19.09.2016 07:15:46.438,46.575,46.515,0,0.0001
19.09.2016 07:15:54.423,46.575,46.52,0,0
19.09.2016 07:15:57.018,46.58,46.52,0,0.0001
19.09.2016 07:15:58.529,46.575,46.52,0,0
19.09.2016 07:16:00.862,46.575,46.515,0,0.0001
19.09.2016 07:16:02.936,46.575,46.52,0,0
19.09.2016 07:16:03.036,46.575,46.525,0,0
19.09.2016 07:16:03.722,46.585,46.525,0,0.0001
19.09.2016 07:16:11.312,46.58,46.525,0,0
19.09.2016 07:16:11.363,46.58,46.52,0,0.0001
19.09.2016 07:16:25.962,46.58,46.525,0,0
19.09.2016 07:16:27.042,46.585,46.525,0,0.0001
19.09.2016 07:16:35.171,46.585,46.53,0,0
19.09.2016 07:16:35.879,46.59,46.53,0,0.0001
19.09.2016 07:16:36.619,46.585,46.53,0,0
19.09.2016 07:16:36.942,46.585,46.525,0,0.0001
19.09.2016 07:16:44.583,46.585,46.53,0,0
19.09.2016 07:16:46.622,46.59,46.53,0,0.0001
19.09.2016 07:16:49.538,46.585,46.53,0,0
19.09.2016 07:16:51.242,46.585,46.525,0,0.0001
19.09.2016 07:17:00.001,46.58,46.525,0,0
19.09.2016 07:17:00.591,46.58,46.52,0,0.0001
19.09.2016 07:17:00.702,46.575,46.52,0,0
19.09.2016 07:17:00.941,46.575,46.515,0,0.0001
19.09.2016 07:17:14.824,46.57,46.515,0,0
19.09.2016 07:17:14.924,46.575,46.515,0,0.0001
19.09.2016 07:17:20.631,46.57,46.515,0,0
19.09.2016 07:17:21.920,46.57,46.51,0,0.0001
19.09.2016 07:17:25.855,46.565,46.51,0,0
19.09.2016 07:17:26.681,46.565,46.505,0,0.0001
19.09.2016 07:17:30.751,46.550000000000004,46.505,0,0
19.09.2016 07:17:37.998,46.545,46.505,0,0
19.09.2016 07:17:38.071,46.545,46.49,0,0
19.09.2016 07:17:43.435,46.550000000000004,46.495,0,0
19.09.2016 07:17:43.555,46.555,46.495,0,0.0001
19.09.2016 07:17:47.502,46.550000000000004,46.495,0,0
19.09.2016 07:17:47.660,46.550000000000004,46.49,0,0.0001
19.09.2016 07:17:48.561,46.550000000000004,46.495,0,0
19.09.2016 07:17:50.064,46.545,46.49,0,0
19.09.2016 07:17:50.771,46.545,46.485,0,0.0001
19.09.2016 07:17:52.167,46.535000000000004,46.485,0,0
19.09.2016 07:17:52.744,46.535000000000004,46.475,0,0.0001
19.09.2016 07:18:04.182,46.525,46.475,0,0
19.09.2016 07:18:05.840,46.525,46.47,0,0
19.09.2016 07:18:07.820,46.525,46.465,0,0.0001
19.09.2016 07:18:08.098,46.525,46.47,0,0
19.09.2016 07:18:11.011,46.53,46.47,0,0.0001
19.09.2016 07:18:21.944,46.53,46.475,0,0
19.09.2016 07:18:36.525,46.535000000000004,46.475,0,0.0001
19.09.2016 07:18:58.652,46.535000000000004,46.480000000000004,0,0
19.09.2016 07:19:00.220,46.54,46.480000000000004,0,0.0001
19.09.2016 07:19:00.954,46.535000000000004,46.480000000000004,0,0
19.09.2016 07:19:01.620,46.535000000000004,46.475,0,0.0001
19.09.2016 07:19:09.769,46.535000000000004,46.480000000000004,0,0
19.09.2016 07:19:10.970,46.54,46.480000000000004,0,0.0001
19.09.2016 07:19:14.778,46.54,46.485,0,0
19.09.2016 07:19:14.828,46.54,46.480000000000004,0,0.0001
19.09.2016 07:19:18.119,46.54,46.485,0,0
19.09.2016 07:19:31.040,46.545,46.485,0,0.0001
19.09.2016 07:19:51.852,46.54,46.485,0,0
19.09.2016 07:19:51.970,46.54,46.480000000000004,0,0.0001
19.09.2016 07:20:03.450,46.535000000000004,46.480000000000004,0,0
19.09.2016 07:20:16.605,46.54,46.480000000000004,0,0.0001
19.09.2016 07:20:50.081,46.54,46.485,0,0
19.09.2016 07:20:50.563,46.545,46.485,0,0.0001
19.09.2016 07:21:20.110,46.54,46.485,0,0
19.09.2016 07:21:20.511,46.535000000000004,46.485,0,0
19.09.2016 07:21:20.881,46.535000000000004,46.475,0,0.0001
19.09.2016 07:21:21.612,46.535000000000004,46.480000000000004,0,0
19.09.2016 07:21:21.899,46.54,46.480000000000004,0,0.0001
19.09.2016 07:21:29.520,46.54,46.485,0,0
19.09.2016 07:21:30.369,46.545,46.485,0,0.0001
19.09.2016 07:21:37.089,46.54,46.485,0,0
19.09.2016 07:21:39.634,46.535000000000004,46.480000000000004,0,0
19.09.2016 07:21:41.159,46.535000000000004,46.475,0,0.0001
19.09.2016 07:21:42.938,46.535000000000004,46.480000000000004,0,0
19.09.2016 07:21:43.039,46.535000000000004,46.475,0,0.0001
19.09.2016 07:21:44.442,46.535000000000004,46.480000000000004,0,0
19.09.2016 07:21:46.988,46.54,46.480000000000004,0,0.0001
19.09.2016 07:21:56.009,46.54,46.485,0,0
19.09.2016 07:21:57.988,46.525,46.480000000000004,0,0
19.09.2016 07:21:58.162,46.525,46.475,0,0
19.09.2016 07:22:10.879,46.525,46.465,0,0.0001
19.09.2016 07:22:12.178,46.525,46.475,0,0
19.09.2016 07:22:12.401,46.535000000000004,46.485,0,0
19.09.2016 07:22:13.170,46.545,46.485,0,0.0001
19.09.2016 07:22:13.783,46.54,46.485,0,0
19.09.2016 07:22:16.578,46.54,46.480000000000004,0,0.0001
19.09.2016 07:22:20.589,46.535000000000004,46.480000000000004,0,0
19.09.2016 07:22:21.593,46.535000000000004,46.475,0,0.0001
19.09.2016 07:23:02.777,46.535000000000004,46.485,0,0
19.09.2016 07:23:02.930,46.545,46.485,0,0.0001
19.09.2016 07:23:09.738,46.545,46.49,0,0
19.09.2016 07:23:11.027,46.550000000000004,46.49,0,0.0001
19.09.2016 07:23:32.927,46.545,46.49,0,0
19.09.2016 07:23:33.164,46.545,46.485,0,0.0001
19.09.2016 07:23:39.083,46.54,46.485,0,0
19.09.2016 07:23:41.067,46.54,46.480000000000004,0,0.0001
19.09.2016 07:23:41.117,46.535000000000004,46.480000000000004,0,0
19.09.2016 07:23:42.167,46.535000000000004,46.475,0,0.0001
19.09.2016 07:23:50.311,46.535000000000004,46.480000000000004,0,0
19.09.2016 07:23:50.715,46.54,46.480000000000004,0,0.0001
19.09.2016 07:24:03.746,46.535000000000004,46.480000000000004,0,0
19.09.2016 07:24:03.837,46.535000000000004,46.475,0,0.0001
19.09.2016 07:24:15.415,46.535000000000004,46.480000000000004,0,0
19.09.2016 07:24:16.596,46.54,46.480000000000004,0,0.0001
19.09.2016 07:24:30.906,46.535000000000004,46.480000000000004,0,0
19.09.2016 07:24:41.654,46.535000000000004,46.475,0,0.0001
19.09.2016 07:24:42.365,46.535000000000004,46.480000000000004,0,0
19.09.2016 07:24:42.771,46.54,46.480000000000004,0,0.0001
19.09.2016 07:24:47.736,46.54,46.485,0,0
19.09.2016 07:24:47.862,46.545,46.485,0,0.0001
19.09.2016 07:25:07.083,46.545,46.49,0,0
19.09.2016 07:25:07.133,46.550000000000004,46.49,0,0.0001
19.09.2016 07:25:08.107,46.545,46.49,0,0
19.09.2016 07:25:28.302,46.545,46.485,0,0.0001
19.09.2016 07:25:46.709,46.54,46.485,0,0
19.09.2016 07:25:46.760,46.535000000000004,46.480000000000004,0,0
19.09.2016 07:25:47.694,46.535000000000004,46.475,0,0.0001
19.09.2016 07:25:51.794,46.53,46.475,0,0
19.09.2016 07:25:51.929,46.53,46.47,0,0.0001
19.09.2016 07:25:53.854,46.53,46.475,0,0
19.09.2016 07:25:54.360,46.535000000000004,46.475,0,0.0001
19.09.2016 07:25:56.085,46.535000000000004,46.480000000000004,0,0
19.09.2016 07:26:06.249,46.54,46.480000000000004,0,0.0001
19.09.2016 07:26:36.346,46.54,46.485,0,0
19.09.2016 07:26:37.335,46.545,46.485,0,0.0001
19.09.2016 07:27:00.828,46.54,46.485,0,0
19.09.2016 07:27:01.283,46.54,46.480000000000004,0,0.0001
19.09.2016 07:27:02.630,46.535000000000004,46.480000000000004,0,0
19.09.2016 07:27:03.021,46.54,46.485,0,0
19.09.2016 07:27:03.232,46.54,46.480000000000004,0,0.0001
19.09.2016 07:27:07.003,46.54,46.485,0,0
19.09.2016 07:27:07.894,46.54,46.480000000000004,0,0.0001
19.09.2016 07:27:10.450,46.54,46.485,0,0
19.09.2016 07:27:11.853,46.545,46.485,0,0.0001
19.09.2016 07:28:10.628,46.545,46.485,0,0
19.09.2016 07:28:38.991,46.54,46.480000000000004,0.0001,0
19.09.2016 07:28:40.961,46.54,46.480000000000004,0,0.0001
19.09.2016 07:28:51.521,46.535000000000004,46.480000000000004,0,0
19.09.2016 07:28:51.660,46.535000000000004,46.475,0,0.0001
19.09.2016 07:28:56.471,46.535000000000004,46.480000000000004,0,0
19.09.2016 07:29:07.973,46.54,46.480000000000004,0,0.0001
19.09.2016 07:29:09.074,46.535000000000004,46.480000000000004,0,0
19.09.2016 07:29:11.211,46.535000000000004,46.475,0,0.0001
19.09.2016 07:29:25.994,46.53,46.475,0,0
19.09.2016 07:29:26.876,46.53,46.47,0,0.0001
19.09.2016 07:29:27.600,46.53,46.475,0,0
19.09.2016 07:29:37.011,46.525,46.475,0,0
19.09.2016 07:29:37.536,46.52,46.475,0,0
19.09.2016 07:29:37.720,46.52,46.46,0,0.0001
19.09.2016 07:29:41.360,46.52,46.465,0,0
19.09.2016 07:29:41.748,46.525,46.47,0,0
19.09.2016 07:29:42.230,46.53,46.47,0,0.0001
19.09.2016 07:29:42.734,46.53,46.475,0,0
19.09.2016 07:29:43.330,46.535000000000004,46.475,0,0.0001
19.09.2016 07:29:48.427,46.535000000000004,46.480000000000004,0,0
19.09.2016 07:29:50.150,46.54,46.480000000000004,0,0.0001
19.09.2016 07:29:52.020,46.535000000000004,46.480000000000004,0,0
19.09.2016 07:29:52.071,46.535000000000004,46.475,0,0.0001
19.09.2016 07:29:54.067,46.535000000000004,46.480000000000004,0,0
19.09.2016 07:29:55.980,46.54,46.480000000000004,0,0.0001
19.09.2016 07:29:58.462,46.535000000000004,46.480000000000004,0,0
19.09.2016 07:30:00.543,46.53,46.480000000000004,0,0
19.09.2016 07:30:00.930,46.53,46.475,0,0
19.09.2016 07:30:01.370,46.53,46.47,0,0.0001
19.09.2016 07:30:05.550,46.52,46.47,0,0
19.09.2016 07:30:05.880,46.52,46.46,0,0.0001
19.09.2016 07:30:12.660,46.515,46.46,0,0
19.09.2016 07:30:13.481,46.515,46.455,0,0.0001
19.09.2016 07:30:26.790,46.515,46.46,0,0
19.09.2016 07:30:26.884,46.52,46.46,0,0.0001
19.09.2016 07:30:42.190,46.52,46.465,0,0
19.09.2016 07:30:44.302,46.515,46.465,0,0
19.09.2016 07:30:45.930,46.515,46.455,0,0.0001
19.09.2016 07:31:01.024,46.505,46.455,0,0
19.09.2016 07:31:01.560,46.505,46.445,0,0.0001
19.09.2016 07:31:06.034,46.505,46.45,0,0
19.09.2016 07:31:06.248,46.51,46.45,0,0.0001
19.09.2016 07:31:06.536,46.51,46.455,0,0
19.09.2016 07:31:07.390,46.515,46.455,0,0.0001
19.09.2016 07:31:11.064,46.51,46.455,0,0
19.09.2016 07:31:18.475,46.51,46.45,0,0.0001
19.09.2016 07:31:36.721,46.51,46.455,0,0
19.09.2016 07:31:37.309,46.515,46.455,0,0.0001
19.09.2016 07:32:34.866,46.515,46.465,0,0
19.09.2016 07:32:36.168,46.525,46.465,0,0.0001
19.09.2016 07:32:40.458,46.515,46.465,0,0
19.09.2016 07:32:40.509,46.515,46.455,0,0.0001
19.09.2016 07:33:21.945,46.505,46.455,0,0
19.09.2016 07:33:21.995,46.505,46.445,0,0.0001
19.09.2016 07:33:34.254,46.505,46.455,0,0
19.09.2016 07:33:35.797,46.515,46.455,0,0.0001
19.09.2016 07:33:57.291,46.515,46.46,0,0
19.09.2016 07:33:57.854,46.515,46.455,0,0.0001
19.09.2016 07:34:11.307,46.51,46.455,0,0
19.09.2016 07:34:12.404,46.505,46.455,0,0
19.09.2016 07:34:12.467,46.505,46.445,0,0.0001
19.09.2016 07:34:13.210,46.505,46.45,0,0
19.09.2016 07:34:13.260,46.51,46.45,0,0.0001
19.09.2016 07:34:22.321,46.51,46.455,0,0
19.09.2016 07:34:22.372,46.515,46.455,0,0.0001
19.09.2016 07:34:22.922,46.51,46.455,0,0
19.09.2016 07:34:23.467,46.51,46.45,0,0.0001
19.09.2016 07:34:35.737,46.505,46.45,0,0
19.09.2016 07:34:37.216,46.505,46.445,0,0.0001
19.09.2016 07:34:49.762,46.505,46.45,0,0
19.09.2016 07:34:50.866,46.51,46.45,0,0.0001
19.09.2016 07:35:01.538,46.51,46.455,0,0
19.09.2016 07:35:11.894,46.515,46.455,0,0.0001
19.09.2016 07:35:15.399,46.51,46.455,0,0
19.09.2016 07:35:16.717,46.505,46.45,0,0
19.09.2016 07:35:16.900,46.505,46.445,0,0.0001
19.09.2016 07:35:17.865,46.505,46.45,0,0
19.09.2016 07:35:18.933,46.51,46.455,0,0
19.09.2016 07:35:21.207,46.51,46.46,0,0
19.09.2016 07:35:21.338,46.515,46.46,0,0
19.09.2016 07:35:21.887,46.52,46.46,0,0.0001
19.09.2016 07:35:24.210,46.515,46.46,0,0
19.09.2016 07:35:24.885,46.52,46.46,0,0.0001
19.09.2016 07:35:25.952,46.52,46.465,0,0
19.09.2016 07:35:26.002,46.525,46.465,0,0.0001
19.09.2016 07:35:51.598,46.515,46.465,0,0
19.09.2016 07:35:56.176,46.515,46.455,0,0.0001
19.09.2016 07:36:09.399,46.505,46.455,0,0
19.09.2016 07:36:09.814,46.51,46.455,0,0
19.09.2016 07:36:10.406,46.51,46.45,0,0.0001
19.09.2016 07:36:32.929,46.505,46.45,0,0
19.09.2016 07:36:33.176,46.505,46.445,0,0.0001
19.09.2016 07:36:54.651,46.505,46.455,0,0
19.09.2016 07:36:56.396,46.515,46.455,0,0.0001
19.09.2016 07:37:02.559,46.515,46.46,0,0
19.09.2016 07:37:03.479,46.52,46.465,0,0
19.09.2016 07:37:07.865,46.515,46.465,0,0
19.09.2016 07:37:09.567,46.52,46.465,0,0
19.09.2016 07:37:10.568,46.515,46.465,0,0
19.09.2016 07:37:11.381,46.515,46.46,0,0
19.09.2016 07:37:11.569,46.52,46.46,0,0.0001
19.09.2016 07:37:11.796,46.515,46.46,0,0
19.09.2016 07:37:16.855,46.52,46.46,0,0.0001
19.09.2016 07:37:23.016,46.52,46.465,0,0
19.09.2016 07:37:33.307,46.525,46.465,0,0.0001
19.09.2016 07:37:42.704,46.52,46.465,0,0
19.09.2016 07:37:46.453,46.515,46.46,0,0
19.09.2016 07:37:46.895,46.515,46.455,0,0.0001
19.09.2016 07:37:47.828,46.51,46.455,0,0
19.09.2016 07:37:47.995,46.51,46.45,0,0.0001
19.09.2016 07:37:52.285,46.51,46.455,0,0
19.09.2016 07:37:52.587,46.515,46.455,0,0.0001
19.09.2016 07:38:02.185,46.51,46.455,0,0
19.09.2016 07:38:02.250,46.51,46.45,0,0.0001
19.09.2016 07:38:03.175,46.505,46.45,0,0
19.09.2016 07:38:05.654,46.505,46.445,0,0.0001
19.09.2016 07:38:06.269,46.505,46.46,0,0
19.09.2016 07:38:06.915,46.52,46.46,0,0.0001
19.09.2016 07:38:15.069,46.515,46.46,0,0
19.09.2016 07:38:16.815,46.515,46.455,0,0.0001
19.09.2016 07:38:28.414,46.51,46.455,0,0
19.09.2016 07:38:30.245,46.51,46.45,0,0.0001
19.09.2016 07:38:33.435,46.51,46.455,0,0
19.09.2016 07:38:33.602,46.515,46.455,0,0.0001
19.09.2016 07:38:45.704,46.51,46.455,0,0
19.09.2016 07:38:46.085,46.51,46.45,0,0.0001
19.09.2016 07:38:55.035,46.51,46.455,0,0
19.09.2016 07:38:56.424,46.515,46.455,0,0.0001
19.09.2016 07:39:55.206,46.515,46.455,0,0
19.09.2016 07:40:08.416,46.52,46.46,0.0001,0
19.09.2016 07:40:16.744,46.52,46.46,0,0.0001
19.09.2016 07:40:16.845,46.515,46.46,0,0
19.09.2016 07:40:22.331,46.52,46.465,0,0
19.09.2016 07:40:22.464,46.525,46.465,0,0.0001
19.09.2016 07:40:51.665,46.525,46.47,0,0
19.09.2016 07:40:51.883,46.53,46.47,0,0.0001
19.09.2016 07:40:56.366,46.52,46.47,0,0
19.09.2016 07:40:56.966,46.525,46.47,0,0
19.09.2016 07:40:57.123,46.525,46.465,0,0.0001
19.09.2016 07:41:03.473,46.525,46.47,0,0
19.09.2016 07:41:03.834,46.53,46.47,0,0.0001
19.09.2016 07:41:06.958,46.53,46.475,0,0
19.09.2016 07:41:14.487,46.535000000000004,46.475,0,0.0001
19.09.2016 07:42:01.450,46.535000000000004,46.485,0,0
19.09.2016 07:42:02.529,46.545,46.485,0,0.0001
19.09.2016 07:42:04.155,46.545,46.495,0,0
19.09.2016 07:42:06.772,46.555,46.495,0,0.0001
19.09.2016 07:42:44.194,46.545,46.495,0,0
19.09.2016 07:42:45.931,46.545,46.485,0,0.0001
19.09.2016 07:43:03.917,46.545,46.495,0,0
19.09.2016 07:43:05.841,46.555,46.495,0,0.0001
19.09.2016 07:43:18.728,46.550000000000004,46.495,0,0
19.09.2016 07:43:19.029,46.545,46.495,0,0
19.09.2016 07:43:20.279,46.545,46.485,0,0.0001
19.09.2016 07:43:21.791,46.545,46.49,0,0
19.09.2016 07:43:21.932,46.550000000000004,46.49,0,0.0001
19.09.2016 07:43:24.535,46.550000000000004,46.495,0,0
19.09.2016 07:43:25.861,46.555,46.495,0,0.0001
19.09.2016 07:44:17.460,46.555,46.5,0,0
19.09.2016 07:44:17.688,46.56,46.5,0,0.0001
19.09.2016 07:44:17.889,46.56,46.505,0,0
19.09.2016 07:44:20.901,46.565,46.505,0,0.0001
19.09.2016 07:44:21.208,46.555,46.505,0,0
19.09.2016 07:44:21.578,46.555,46.495,0,0.0001
19.09.2016 07:44:23.926,46.555,46.5,0,0
19.09.2016 07:44:23.980,46.56,46.5,0,0.0001
19.09.2016 07:44:24.098,46.56,46.505,0,0
19.09.2016 07:44:24.398,46.56,46.5,0,0.0001
19.09.2016 07:44:27.910,46.56,46.505,0,0
19.09.2016 07:44:28.402,46.565,46.505,0,0.0001
19.09.2016 07:44:31.320,46.56,46.505,0,0
19.09.2016 07:44:35.882,46.565,46.505,0,0.0001
19.09.2016 07:45:28.608,46.565,46.505,0,0
19.09.2016 07:45:51.899,46.555,46.495,0.0001,0
19.09.2016 07:45:52.427,46.555,46.495,0,0.0001
19.09.2016 07:46:07.217,46.550000000000004,46.495,0,0
19.09.2016 07:46:07.498,46.550000000000004,46.49,0,0.0001
19.09.2016 07:46:24.641,46.550000000000004,46.495,0,0
19.09.2016 07:46:26.856,46.555,46.495,0,0.0001
19.09.2016 07:47:24.855,46.555,46.495,0,0
19.09.2016 07:47:46.965,46.56,46.5,0,0
19.09.2016 07:47:47.151,46.56,46.505,0,0
19.09.2016 07:47:59.340,46.56,46.5,0,0.0001
19.09.2016 07:48:00.642,46.555,46.5,0,0
19.09.2016 07:48:01.595,46.555,46.495,0,0.0001
19.09.2016 07:48:41.501,46.550000000000004,46.495,0,0
19.09.2016 07:48:42.325,46.550000000000004,46.49,0,0.0001
19.09.2016 07:49:41.665,46.550000000000004,46.49,0,0
19.09.2016 07:50:01.078,46.555,46.495,0.0001,0
19.09.2016 07:50:01.183,46.555,46.495,0,0.0001
19.09.2016 07:51:01.078,46.555,46.495,0,0
19.09.2016 07:51:21.957,46.56,46.5,0.0001,0
19.09.2016 07:51:27.002,46.56,46.5,0,0.0001
19.09.2016 07:51:27.995,46.555,46.5,0,0
19.09.2016 07:51:28.163,46.555,46.495,0,0.0001
19.09.2016 07:51:33.382,46.555,46.5,0,0
19.09.2016 07:51:46.982,46.56,46.5,0,0.0001
19.09.2016 07:51:50.347,46.555,46.5,0,0
19.09.2016 07:51:50.620,46.56,46.5,0,0.0001
19.09.2016 07:51:51.335,46.555,46.5,0,0
19.09.2016 07:51:51.589,46.555,46.495,0,0.0001
19.09.2016 07:52:01.443,46.555,46.5,0,0
19.09.2016 07:52:01.670,46.56,46.5,0,0.0001
19.09.2016 07:52:08.914,46.555,46.5,0,0
19.09.2016 07:52:10.522,46.555,46.495,0,0.0001
19.09.2016 07:52:34.157,46.555,46.5,0,0
19.09.2016 07:52:36.861,46.56,46.5,0,0.0001
19.09.2016 07:52:41.261,46.56,46.505,0,0
19.09.2016 07:52:51.612,46.565,46.505,0,0.0001
19.09.2016 07:53:12.180,46.565,46.51,0,0
19.09.2016 07:53:13.170,46.565,46.505,0,0.0001
19.09.2016 07:53:17.598,46.56,46.505,0,0
19.09.2016 07:53:17.680,46.56,46.5,0,0.0001
19.09.2016 07:53:37.325,46.56,46.505,0,0
19.09.2016 07:53:37.672,46.565,46.505,0,0.0001
19.09.2016 07:53:55.040,46.565,46.51,0,0
19.09.2016 07:53:56.341,46.565,46.505,0,0.0001
19.09.2016 07:54:01.749,46.565,46.515,0,0
19.09.2016 07:54:02.026,46.575,46.515,0,0.0001
19.09.2016 07:55:02.004,46.575,46.515,0,0
19.09.2016 07:55:06.226,46.57,46.51,0.0001,0
19.09.2016 07:55:06.326,46.575,46.505,0.0001,0
19.09.2016 07:55:06.527,46.565,46.505,0.0001,0
19.09.2016 07:55:07.101,46.565,46.505,0,0.0001
19.09.2016 07:55:14.035,46.56,46.505,0,0
19.09.2016 07:55:16.038,46.565,46.515,0,0
19.09.2016 07:55:16.968,46.575,46.515,0,0.0001
19.09.2016 07:55:25.147,46.57,46.515,0,0
19.09.2016 07:55:26.069,46.57,46.51,0,0.0001
19.09.2016 07:55:31.129,46.565,46.51,0,0
19.09.2016 07:55:31.459,46.57,46.51,0,0.0001
19.09.2016 07:55:47.984,46.57,46.515,0,0
19.09.2016 07:55:50.169,46.575,46.515,0,0.0001
19.09.2016 07:56:01.389,46.57,46.515,0,0
19.09.2016 07:56:01.680,46.57,46.51,0,0.0001
19.09.2016 07:56:01.804,46.565,46.51,0,0
19.09.2016 07:56:02.383,46.565,46.505,0,0.0001
19.09.2016 07:56:55.183,46.565,46.515,0,0
19.09.2016 07:56:55.261,46.565,46.51,0,0
19.09.2016 07:56:55.957,46.57,46.51,0,0.0001
19.09.2016 07:57:00.907,46.57,46.515,0,0
19.09.2016 07:57:09.576,46.575,46.515,0,0.0001
19.09.2016 07:58:00.947,46.575,46.515,0.0001,0
19.09.2016 07:58:42.588,46.57,46.51,0,0
19.09.2016 07:58:51.466,46.575,46.515,0,0
19.09.2016 07:58:53.600,46.57,46.51,0,0
19.09.2016 07:58:59.095,46.565,46.51,0,0
19.09.2016 07:59:00.705,46.565,46.505,0,0.0001
19.09.2016 07:59:03.080,46.545,46.505,0,0
19.09.2016 07:59:03.130,46.545,46.485,0,0.0001
19.09.2016 07:59:03.204,46.545,46.495,0,0
19.09.2016 07:59:06.502,46.555,46.495,0,0.0001
19.09.2016 07:59:23.255,46.550000000000004,46.495,0,0
19.09.2016 07:59:25.155,46.545,46.49,0,0
19.09.2016 07:59:26.340,46.535000000000004,46.49,0,0
19.09.2016 07:59:26.775,46.535000000000004,46.475,0,0.0001
19.09.2016 07:59:27.641,46.535000000000004,46.485,0,0
19.09.2016 07:59:27.765,46.545,46.485,0,0.0001
19.09.2016 07:59:48.895,46.54,46.485,0,0
19.09.2016 07:59:50.205,46.54,46.480000000000004,0,0.0001
19.09.2016 07:59:51.098,46.535000000000004,46.480000000000004,0,0
19.09.2016 07:59:52.101,46.535000000000004,46.475,0,0.0001
19.09.2016 08:00:01.937,46.535000000000004,46.485,0,0
19.09.2016 08:00:02.967,46.545,46.485,0,0.0001
19.09.2016 08:00:03.407,46.545,46.495,0,0
19.09.2016 08:00:11.331,46.545,46.485,0,0.0001
19.09.2016 08:00:14.935,46.535000000000004,46.485,0,0
19.09.2016 08:00:15.128,46.545,46.485,0,0.0001
19.09.2016 08:00:15.293,46.54,46.485,0,0
19.09.2016 08:00:16.176,46.535000000000004,46.480000000000004,0,0
19.09.2016 08:00:24.198,46.525,46.475,0,0
19.09.2016 08:00:25.636,46.53,46.475,0,0
19.09.2016 08:00:30.049,46.535000000000004,46.475,0,0.0001
19.09.2016 08:00:30.807,46.525,46.475,0,0
19.09.2016 08:00:31.797,46.535000000000004,46.475,0,0.0001
19.09.2016 08:00:31.897,46.53,46.475,0,0
19.09.2016 08:00:32.102,46.535000000000004,46.475,0,0.0001
19.09.2016 08:00:32.896,46.535000000000004,46.485,0,0
19.09.2016 08:00:36.086,46.535000000000004,46.475,0,0.0001
19.09.2016 08:00:49.531,46.53,46.475,0,0
19.09.2016 08:00:50.544,46.525,46.475,0,0
19.09.2016 08:00:50.716,46.525,46.47,0,0
19.09.2016 08:00:51.376,46.525,46.465,0,0.0001
19.09.2016 08:00:54.016,46.525,46.465,0,0
19.09.2016 08:00:54.217,46.515,46.465,0,0
19.09.2016 08:00:56.226,46.515,46.455,0,0.0001
19.09.2016 08:00:56.724,46.515,46.465,0,0
19.09.2016 08:00:57.261,46.525,46.465,0,0.0001
19.09.2016 08:01:00.363,46.525,46.475,0,0
19.09.2016 08:01:01.176,46.535000000000004,46.475,0,0.0001
19.09.2016 08:01:01.509,46.535000000000004,46.485,0,0
19.09.2016 08:01:02.744,46.545,46.495,0,0
19.09.2016 08:01:03.486,46.555,46.495,0,0.0001
19.09.2016 08:01:04.348,46.545,46.495,0,0
19.09.2016 08:01:05.183,46.555,46.495,0,0.0001
19.09.2016 08:01:06.459,46.550000000000004,46.495,0,0
19.09.2016 08:01:08.114,46.555,46.515,0,0
19.09.2016 08:01:08.368,46.555,46.51,0,0
19.09.2016 08:01:08.669,46.555,46.515,0,0
19.09.2016 08:01:10.441,46.57,46.515,0,0
19.09.2016 08:01:10.635,46.57,46.51,0,0.0001
19.09.2016 08:01:12.946,46.57,46.515,0,0
19.09.2016 08:01:13.078,46.575,46.515,0,0.0001
19.09.2016 08:01:15.300,46.575,46.525,0,0
19.09.2016 08:01:16.286,46.585,46.525,0,0.0001
19.09.2016 08:01:16.690,46.585,46.53,0,0
19.09.2016 08:01:17.025,46.585,46.525,0,0.0001
19.09.2016 08:01:17.492,46.585,46.53,0,0
19.09.2016 08:01:19.190,46.585,46.545,0,0
19.09.2016 08:01:19.299,46.585,46.535000000000004,0,0
19.09.2016 08:01:19.400,46.585,46.525,0,0.0001
19.09.2016 08:01:20.086,46.585,46.53,0,0
19.09.2016 08:01:20.504,46.585,46.525,0,0.0001
19.09.2016 08:01:20.605,46.58,46.525,0,0
19.09.2016 08:01:21.207,46.585,46.525,0,0.0001
19.09.2016 08:01:21.909,46.585,46.53,0,0
19.09.2016 08:01:22.425,46.59,46.53,0,0.0001
19.09.2016 08:01:23.112,46.585,46.53,0,0
19.09.2016 08:01:23.506,46.585,46.525,0,0.0001
19.09.2016 08:01:26.035,46.585,46.53,0,0
19.09.2016 08:01:26.621,46.59,46.535000000000004,0,0
19.09.2016 08:01:26.721,46.585,46.53,0,0
19.09.2016 08:01:27.104,46.585,46.525,0,0.0001
19.09.2016 08:01:28.040,46.595,46.535000000000004,0,0.0001
19.09.2016 08:01:28.127,46.59,46.535000000000004,0,0
19.09.2016 08:01:28.368,46.595,46.535000000000004,0,0.0001
19.09.2016 08:01:28.534,46.585,46.535000000000004,0,0
19.09.2016 08:01:28.907,46.595,46.535000000000004,0,0.0001
19.09.2016 08:01:28.957,46.59,46.535000000000004,0,0
19.09.2016 08:01:29.360,46.595,46.535000000000004,0,0.0001
19.09.2016 08:01:29.633,46.585,46.535000000000004,0,0
19.09.2016 08:01:30.365,46.595,46.535000000000004,0,0.0001
19.09.2016 08:01:30.478,46.59,46.535000000000004,0,0
19.09.2016 08:01:30.836,46.595,46.535000000000004,0,0.0001
19.09.2016 08:01:32.742,46.595,46.545,0,0
19.09.2016 08:01:32.842,46.595,46.54,0,0
19.09.2016 08:01:33.172,46.6,46.545,0,0
19.09.2016 08:01:37.145,46.6,46.54,0,0.0001
19.09.2016 08:01:38.295,46.595,46.54,0,0
19.09.2016 08:01:39.361,46.6,46.545,0,0
19.09.2016 08:01:39.461,46.6,46.555,0,0
19.09.2016 08:01:39.561,46.6,46.545,0,0
19.09.2016 08:01:41.106,46.605000000000004,46.545,0,0.0001
19.09.2016 08:01:41.546,46.605000000000004,46.555,0,0
19.09.2016 08:01:42.427,46.605000000000004,46.545,0,0.0001
19.09.2016 08:01:47.279,46.595,46.545,0,0
19.09.2016 08:01:47.400,46.6,46.545,0,0
19.09.2016 08:01:48.255,46.6,46.54,0,0.0001
19.09.2016 08:01:48.582,46.595,46.54,0,0
19.09.2016 08:01:50.455,46.595,46.535000000000004,0,0.0001
19.09.2016 08:01:51.336,46.595,46.545,0,0
19.09.2016 08:01:51.508,46.6,46.545,0,0
19.09.2016 08:01:51.906,46.605000000000004,46.545,0,0.0001
19.09.2016 08:01:53.315,46.605000000000004,46.555,0,0
19.09.2016 08:01:53.536,46.615,46.555,0,0.0001
19.09.2016 08:01:53.899,46.61,46.555,0,0
19.09.2016 08:01:54.200,46.605000000000004,46.555,0,0
19.09.2016 08:01:56.945,46.605000000000004,46.545,0,0.0001
19.09.2016 08:01:59.713,46.595,46.545,0,0
19.09.2016 08:01:59.813,46.605000000000004,46.545,0,0.0001
19.09.2016 08:02:01.236,46.605000000000004,46.555,0,0
19.09.2016 08:02:02.722,46.615,46.555,0,0.0001
19.09.2016 08:02:02.822,46.615,46.56,0,0
19.09.2016 08:02:03.242,46.62,46.565,0,0
19.09.2016 08:02:04.231,46.605000000000004,46.565,0,0
19.09.2016 08:02:05.965,46.605000000000004,46.545,0,0.0001
19.09.2016 08:02:06.733,46.605000000000004,46.550000000000004,0,0
19.09.2016 08:02:06.955,46.61,46.550000000000004,0,0.0001
19.09.2016 08:02:07.837,46.61,46.555,0,0
19.09.2016 08:02:08.206,46.615,46.555,0,0.0001
19.09.2016 08:02:10.645,46.605000000000004,46.555,0,0
19.09.2016 08:02:11.743,46.605000000000004,46.545,0,0.0001
19.09.2016 08:02:15.473,46.605000000000004,46.56,0,0
19.09.2016 08:02:15.985,46.62,46.56,0,0.0001
19.09.2016 08:02:16.256,46.615,46.56,0,0
19.09.2016 08:02:17.059,46.605000000000004,46.56,0,0
19.09.2016 08:02:17.304,46.605000000000004,46.545,0,0.0001
19.09.2016 08:02:26.679,46.605000000000004,46.550000000000004,0,0
19.09.2016 08:02:27.317,46.61,46.555,0,0
19.09.2016 08:02:35.403,46.605000000000004,46.555,0,0
19.09.2016 08:02:36.609,46.6,46.555,0,0
19.09.2016 08:02:37.239,46.595,46.555,0,0
19.09.2016 08:02:37.290,46.595,46.535000000000004,0,0.0001
19.09.2016 08:02:42.032,46.595,46.54,0,0
19.09.2016 08:02:42.593,46.6,46.54,0,0.0001
19.09.2016 08:02:42.837,46.595,46.54,0,0
19.09.2016 08:02:43.595,46.595,46.535000000000004,0,0.0001
19.09.2016 08:02:49.151,46.595,46.545,0,0
19.09.2016 08:02:50.461,46.605000000000004,46.545,0,0.0001
19.09.2016 08:02:51.255,46.6,46.545,0,0
19.09.2016 08:02:51.306,46.595,46.54,0,0
19.09.2016 08:02:52.175,46.6,46.54,0,0.0001
19.09.2016 08:02:56.368,46.595,46.54,0,0
19.09.2016 08:02:57.143,46.59,46.54,0,0
19.09.2016 08:02:57.574,46.595,46.54,0,0
19.09.2016 08:02:57.624,46.59,46.535000000000004,0,0
19.09.2016 08:02:58.124,46.595,46.535000000000004,0,0.0001
19.09.2016 08:02:58.575,46.585,46.535000000000004,0,0
19.09.2016 08:03:00.584,46.595,46.535000000000004,0,0.0001
19.09.2016 08:03:00.856,46.585,46.535000000000004,0,0
19.09.2016 08:03:01.672,46.595,46.535000000000004,0,0.0001
19.09.2016 08:03:03.444,46.595,46.545,0,0
19.09.2016 08:03:03.505,46.595,46.54,0,0
19.09.2016 08:03:04.603,46.595,46.545,0,0
19.09.2016 08:03:09.310,46.595,46.550000000000004,0,0
19.09.2016 08:03:09.611,46.595,46.555,0,0
19.09.2016 08:03:10.265,46.605000000000004,46.555,0,0
19.09.2016 08:03:10.657,46.615,46.555,0,0.0001
19.09.2016 08:03:14.119,46.61,46.555,0,0
19.09.2016 08:03:15.141,46.605000000000004,46.555,0,0
19.09.2016 08:03:15.479,46.6,46.555,0,0
19.09.2016 08:03:16.134,46.6,46.54,0,0.0001
19.09.2016 08:03:16.727,46.6,46.545,0,0
19.09.2016 08:03:17.343,46.605000000000004,46.545,0,0.0001
19.09.2016 08:03:26.352,46.595,46.545,0,0
19.09.2016 08:03:27.024,46.595,46.535000000000004,0,0.0001
19.09.2016 08:03:30.960,46.59,46.535000000000004,0,0
19.09.2016 08:03:31.203,46.59,46.53,0,0.0001
19.09.2016 08:03:40.345,46.59,46.535000000000004,0,0
19.09.2016 08:03:41.213,46.595,46.535000000000004,0,0.0001
19.09.2016 08:03:44.085,46.595,46.54,0,0
19.09.2016 08:03:44.628,46.595,46.545,0,0
19.09.2016 08:03:45.389,46.595,46.54,0,0
19.09.2016 08:03:46.163,46.6,46.54,0,0.0001
19.09.2016 08:03:59.221,46.6,46.545,0,0
19.09.2016 08:04:00.243,46.595,46.545,0,0
19.09.2016 08:04:03.445,46.585,46.525,0,0.0001
19.09.2016 08:04:15.565,46.575,46.525,0,0
19.09.2016 08:04:16.370,46.575,46.515,0,0.0001
19.09.2016 08:04:17.471,46.575,46.515,0,0
19.09.2016 08:04:17.623,46.555,46.505,0,0
19.09.2016 08:04:21.479,46.555,46.495,0,0.0001
19.09.2016 08:04:21.742,46.545,46.495,0,0
19.09.2016 08:04:24.786,46.545,46.49,0,0
19.09.2016 08:04:25.017,46.545,46.495,0,0
19.09.2016 08:04:26.203,46.555,46.495,0,0.0001
19.09.2016 08:04:42.140,46.555,46.505,0,0
19.09.2016 08:04:42.613,46.555,46.515,0,0
19.09.2016 08:04:42.812,46.575,46.515,0,0.0001
19.09.2016 08:04:43.615,46.565,46.515,0,0
19.09.2016 08:04:46.011,46.565,46.505,0,0.0001
19.09.2016 08:04:57.232,46.555,46.505,0,0
19.09.2016 08:04:57.599,46.555,46.495,0,0.0001
19.09.2016 08:05:03.503,46.550000000000004,46.495,0,0
19.09.2016 08:05:04.560,46.545,46.49,0,0
19.09.2016 08:05:06.264,46.545,46.485,0,0.0001
19.09.2016 08:05:10.670,46.545,46.49,0,0
19.09.2016 08:05:10.761,46.550000000000004,46.49,0,0.0001
19.09.2016 08:05:10.871,46.550000000000004,46.5,0,0
19.09.2016 08:05:11.751,46.56,46.5,0,0.0001
19.09.2016 08:05:12.085,46.555,46.5,0,0
19.09.2016 08:05:12.741,46.555,46.495,0,0.0001
19.09.2016 08:05:13.771,46.555,46.5,0,0
19.09.2016 08:05:13.829,46.56,46.5,0,0.0001
19.09.2016 08:05:13.989,46.555,46.5,0,0
19.09.2016 08:05:16.184,46.555,46.495,0,0.0001
19.09.2016 08:05:32.245,46.550000000000004,46.495,0,0
19.09.2016 08:05:32.710,46.545,46.495,0,0
19.09.2016 08:05:32.761,46.545,46.485,0,0.0001
19.09.2016 08:05:36.861,46.545,46.49,0,0
19.09.2016 08:05:36.941,46.550000000000004,46.495,0,0
19.09.2016 08:05:36.991,46.555,46.495,0,0.0001
19.09.2016 08:05:59.897,46.545,46.495,0,0
19.09.2016 08:06:00.799,46.545,46.485,0,0.0001
19.09.2016 08:06:01.691,46.545,46.495,0,0
19.09.2016 08:06:05.935,46.525,46.495,0,0
19.09.2016 08:06:07.850,46.525,46.465,0,0.0001
19.09.2016 08:06:10.792,46.515,46.465,0,0
19.09.2016 08:06:11.452,46.52,46.465,0,0
19.09.2016 08:06:11.920,46.515,46.46,0,0
19.09.2016 08:06:12.031,46.52,46.46,0,0.0001
19.09.2016 08:06:12.232,46.52,46.465,0,0
19.09.2016 08:06:12.284,46.52,46.46,0,0.0001
19.09.2016 08:06:12.349,46.52,46.465,0,0
19.09.2016 08:06:13.038,46.52,46.46,0,0.0001
19.09.2016 08:06:15.256,46.52,46.465,0,0
19.09.2016 08:06:15.857,46.52,46.46,0,0.0001
19.09.2016 08:06:18.763,46.52,46.465,0,0
19.09.2016 08:06:20.210,46.525,46.465,0,0.0001
19.09.2016 08:06:20.374,46.525,46.475,0,0
19.09.2016 08:06:21.270,46.535000000000004,46.475,0,0.0001
19.09.2016 08:06:24.876,46.535000000000004,46.485,0,0
19.09.2016 08:06:25.211,46.535000000000004,46.480000000000004,0,0
19.09.2016 08:06:25.606,46.535000000000004,46.475,0,0.0001
19.09.2016 08:06:25.679,46.535000000000004,46.480000000000004,0,0
19.09.2016 08:06:26.550,46.54,46.480000000000004,0,0.0001
19.09.2016 08:06:27.382,46.54,46.485,0,0
19.09.2016 08:06:27.759,46.545,46.485,0,0.0001
19.09.2016 08:06:29.484,46.54,46.485,0,0
19.09.2016 08:06:30.285,46.545,46.485,0,0.0001
19.09.2016 08:06:30.619,46.54,46.485,0,0
19.09.2016 08:06:30.870,46.545,46.485,0,0.0001
19.09.2016 08:06:31.086,46.535000000000004,46.485,0,0
19.09.2016 08:06:31.187,46.545,46.485,0,0.0001
19.09.2016 08:06:34.091,46.535000000000004,46.485,0,0
19.09.2016 08:06:36.570,46.535000000000004,46.475,0,0.0001
19.09.2016 08:06:46.614,46.535000000000004,46.480000000000004,0,0
19.09.2016 08:06:46.815,46.535000000000004,46.485,0,0
19.09.2016 08:06:46.915,46.535000000000004,46.480000000000004,0,0
19.09.2016 08:06:47.019,46.54,46.485,0,0
19.09.2016 08:06:50.235,46.54,46.480000000000004,0,0.0001
19.09.2016 08:06:50.999,46.54,46.485,0,0
19.09.2016 08:06:51.050,46.545,46.485,0,0.0001
19.09.2016 08:06:55.657,46.535000000000004,46.485,0,0
19.09.2016 08:06:56.946,46.535000000000004,46.475,0,0.0001
19.09.2016 08:07:01.155,46.53,46.475,0,0
19.09.2016 08:07:01.244,46.535000000000004,46.475,0,0.0001
19.09.2016 08:07:01.744,46.525,46.475,0,0
19.09.2016 08:07:02.660,46.525,46.465,0,0.0001
19.09.2016 08:07:05.653,46.52,46.465,0,0
19.09.2016 08:07:06.729,46.52,46.46,0,0.0001
19.09.2016 08:07:10.064,46.52,46.465,0,0
19.09.2016 08:07:11.349,46.525,46.465,0,0.0001
19.09.2016 08:07:14.783,46.52,46.465,0,0
19.09.2016 08:07:15.969,46.52,46.46,0,0.0001
19.09.2016 08:07:16.634,46.52,46.465,0,0
19.09.2016 08:07:17.179,46.525,46.465,0,0.0001
19.09.2016 08:07:28.103,46.515,46.465,0,0
19.09.2016 08:07:29.507,46.52,46.465,0,0
19.09.2016 08:07:29.807,46.515,46.465,0,0
19.09.2016 08:07:30.169,46.515,46.455,0,0.0001
19.09.2016 08:07:31.612,46.515,46.465,0,0
19.09.2016 08:07:32.259,46.525,46.465,0,0.0001
19.09.2016 08:07:32.929,46.52,46.465,0,0
19.09.2016 08:07:33.430,46.525,46.465,0,0.0001
19.09.2016 08:07:34.231,46.52,46.465,0,0
19.09.2016 08:07:36.538,46.515,46.465,0,0
19.09.2016 08:07:36.989,46.515,46.455,0,0.0001
19.09.2016 08:07:52.568,46.51,46.455,0,0
19.09.2016 08:07:52.719,46.51,46.45,0,0.0001
19.09.2016 08:07:58.477,46.51,46.455,0,0
19.09.2016 08:08:01.298,46.515,46.455,0,0.0001
19.09.2016 08:08:06.181,46.505,46.455,0,0
19.09.2016 08:08:06.804,46.505,46.45,0,0
19.09.2016 08:08:07.017,46.505,46.455,0,0
19.09.2016 08:08:07.238,46.515,46.455,0,0.0001
19.09.2016 08:08:10.506,46.515,46.465,0,0
19.09.2016 08:08:11.528,46.525,46.465,0,0.0001
19.09.2016 08:08:25.102,46.515,46.465,0,0
19.09.2016 08:08:26.498,46.515,46.455,0,0.0001
19.09.2016 08:08:35.684,46.515,46.465,0,0
19.09.2016 08:08:35.785,46.515,46.46,0,0
19.09.2016 08:08:36.065,46.52,46.46,0,0.0001
19.09.2016 08:08:37.104,46.515,46.46,0,0
19.09.2016 08:08:41.405,46.515,46.465,0,0
19.09.2016 08:08:42.228,46.52,46.465,0,0
19.09.2016 08:08:42.308,46.52,46.46,0,0.0001
19.09.2016 08:08:52.128,46.515,46.46,0,0
19.09.2016 08:08:57.188,46.52,46.46,0,0.0001
19.09.2016 08:08:57.643,46.52,46.465,0,0
19.09.2016 08:09:06.768,46.525,46.465,0,0.0001
19.09.2016 08:09:13.588,46.515,46.465,0,0
19.09.2016 08:09:13.921,46.51,46.455,0,0
19.09.2016 08:09:16.602,46.505,46.455,0,0
19.09.2016 08:09:16.703,46.505,46.445,0,0.0001
19.09.2016 08:09:17.548,46.495,46.445,0,0
19.09.2016 08:09:21.067,46.505,46.445,0,0.0001
19.09.2016 08:09:22.308,46.505,46.455,0,0
19.09.2016 08:09:23.048,46.515,46.455,0,0.0001
19.09.2016 08:09:26.898,46.515,46.465,0,0
19.09.2016 08:09:27.997,46.515,46.46,0,0
19.09.2016 08:09:28.047,46.52,46.46,0,0.0001
19.09.2016 08:09:30.531,46.52,46.465,0,0
19.09.2016 08:09:30.731,46.52,46.46,0,0.0001
19.09.2016 08:09:47.137,46.52,46.465,0,0
19.09.2016 08:09:56.721,46.52,46.46,0,0.0001
19.09.2016 08:09:59.012,46.52,46.465,0,0
19.09.2016 08:10:01.218,46.52,46.475,0,0
19.09.2016 08:10:01.418,46.52,46.465,0,0
19.09.2016 08:10:01.660,46.525,46.465,0,0.0001
19.09.2016 08:10:04.041,46.525,46.465,0,0
19.09.2016 08:10:05.472,46.505,46.465,0,0
19.09.2016 08:10:06.058,46.505,46.445,0,0.0001
19.09.2016 08:10:12.695,46.5,46.445,0,0
19.09.2016 08:10:13.025,46.5,46.44,0,0.0001
19.09.2016 08:10:13.456,46.495,46.44,0,0
19.09.2016 08:10:16.233,46.495,46.435,0,0.0001
19.09.2016 08:10:20.975,46.49,46.435,0,0
19.09.2016 08:10:21.249,46.49,46.43,0,0.0001
19.09.2016 08:10:22.078,46.485,46.43,0,0
19.09.2016 08:10:22.275,46.485,46.425000000000004,0,0.0001
19.09.2016 08:10:22.578,46.485,46.43,0,0
19.09.2016 08:10:23.079,46.485,46.435,0,0
19.09.2016 08:10:23.280,46.485,46.425000000000004,0,0.0001
19.09.2016 08:10:29.697,46.475,46.425000000000004,0,0
19.09.2016 08:10:30.023,46.47,46.425000000000004,0,0
19.09.2016 08:10:30.467,46.45,46.425000000000004,0,0
19.09.2016 08:10:30.997,46.445,46.425000000000004,0,0
19.09.2016 08:10:31.048,46.445,46.410000000000004,0,0
19.09.2016 08:10:31.098,46.435,46.410000000000004,0,0
19.09.2016 08:10:31.199,46.44,46.38,0,0.0001
19.09.2016 08:10:31.901,46.435,46.38,0,0
19.09.2016 08:10:32.002,46.44,46.385,0,0
19.09.2016 08:10:32.178,46.445,46.385,0,0.0001
19.09.2016 08:10:32.704,46.44,46.385,0,0
19.09.2016 08:10:33.129,46.44,46.38,0,0.0001
19.09.2016 08:10:33.405,46.44,46.385,0,0
19.09.2016 08:10:35.110,46.44,46.395,0,0
19.09.2016 08:10:36.758,46.455,46.395,0,0.0001
19.09.2016 08:10:39.649,46.445,46.395,0,0
19.09.2016 08:10:41.028,46.44,46.395,0,0
19.09.2016 08:10:41.228,46.445,46.395,0,0
19.09.2016 08:10:41.460,46.44,46.385,0,0
19.09.2016 08:10:41.928,46.44,46.38,0,0.0001
19.09.2016 08:10:42.653,46.435,46.38,0,0
19.09.2016 08:10:42.918,46.435,46.375,0,0.0001
19.09.2016 08:10:53.820,46.425000000000004,46.375,0,0
19.09.2016 08:10:56.061,46.43,46.375,0,0
19.09.2016 08:10:56.664,46.435,46.375,0,0.0001
19.09.2016 08:11:03.520,46.435,46.38,0,0
19.09.2016 08:11:05.184,46.435,46.375,0,0.0001
19.09.2016 08:11:10.421,46.435,46.375,0,0.0001
19.09.2016 08:11:13.907,46.43,46.375,0,0
19.09.2016 08:11:16.247,46.43,46.37,0,0.0001
19.09.2016 08:11:16.713,46.43,46.375,0,0
19.09.2016 08:11:17.261,46.435,46.375,0,0.0001
19.09.2016 08:11:18.817,46.425000000000004,46.375,0,0
19.09.2016 08:11:20.823,46.435,46.375,0,0.0001
19.09.2016 08:11:26.294,46.435,46.385,0,0
19.09.2016 08:11:26.347,46.445,46.385,0,0.0001
19.09.2016 08:11:26.439,46.435,46.385,0,0
19.09.2016 08:11:27.137,46.435,46.375,0,0.0001
19.09.2016 08:11:37.498,46.43,46.375,0,0
19.09.2016 08:11:37.598,46.425000000000004,46.375,0,0
19.09.2016 08:11:37.667,46.43,46.375,0,0
19.09.2016 08:11:37.768,46.425000000000004,46.375,0,0
19.09.2016 08:11:38.028,46.425000000000004,46.365,0,0.0001
19.09.2016 08:11:39.272,46.425000000000004,46.37,0,0
19.09.2016 08:11:39.638,46.425000000000004,46.375,0,0
19.09.2016 08:11:44.021,46.425000000000004,46.365,0,0.0001
19.09.2016 08:11:44.884,46.425000000000004,46.37,0,0
19.09.2016 08:11:46.584,46.425000000000004,46.375,0,0
19.09.2016 08:11:46.947,46.435,46.375,0,0.0001
19.09.2016 08:11:48.591,46.425000000000004,46.375,0,0
19.09.2016 08:11:49.288,46.42,46.375,0,0
19.09.2016 08:11:49.338,46.425000000000004,46.375,0,0
19.09.2016 08:11:49.493,46.405,46.375,0,0
19.09.2016 08:11:49.793,46.415,46.375,0,0
19.09.2016 08:11:50.907,46.415,46.355000000000004,0,0.0001
19.09.2016 08:11:53.107,46.405,46.355000000000004,0,0
19.09.2016 08:11:53.499,46.395,46.345,0,0
19.09.2016 08:11:54.099,46.4,46.345,0,0
19.09.2016 08:11:54.523,46.395,46.345,0,0
19.09.2016 08:11:57.067,46.395,46.335,0,0.0001
19.09.2016 08:11:58.107,46.395,46.34,0,0
19.09.2016 08:11:58.307,46.395,46.335,0,0.0001
19.09.2016 08:12:03.216,46.395,46.34,0,0
19.09.2016 08:12:03.266,46.4,46.34,0,0.0001
19.09.2016 08:12:03.516,46.4,46.345,0,0
19.09.2016 08:12:04.518,46.395,46.34,0,0
19.09.2016 08:12:04.745,46.4,46.34,0,0.0001
19.09.2016 08:12:07.187,46.4,46.345,0,0
19.09.2016 08:12:11.739,46.395,46.345,0,0
19.09.2016 08:12:11.864,46.4,46.345,0,0
19.09.2016 08:12:12.467,46.4,46.34,0,0.0001
19.09.2016 08:12:15.291,46.395,46.34,0,0
19.09.2016 08:12:15.342,46.4,46.34,0,0.0001
19.09.2016 08:12:16.339,46.4,46.345,0,0
19.09.2016 08:12:16.640,46.4,46.34,0,0.0001
19.09.2016 08:12:18.646,46.395,46.34,0,0
19.09.2016 08:12:19.760,46.4,46.34,0,0.0001
19.09.2016 08:12:20.450,46.395,46.34,0,0
19.09.2016 08:12:21.157,46.395,46.335,0,0.0001
19.09.2016 08:12:21.352,46.395,46.34,0,0
19.09.2016 08:12:22.257,46.4,46.34,0,0.0001
19.09.2016 08:12:25.559,46.395,46.34,0,0
19.09.2016 08:12:31.056,46.395,46.345,0,0
19.09.2016 08:12:31.306,46.395,46.335,0,0.0001
19.09.2016 08:12:53.680,46.405,46.345,0,0.0001
19.09.2016 08:12:54.107,46.4,46.345,0,0
19.09.2016 08:12:55.215,46.405,46.345,0,0.0001
19.09.2016 08:12:55.812,46.405,46.355000000000004,0,0
19.09.2016 08:12:55.914,46.405,46.35,0,0
19.09.2016 08:12:56.019,46.405,46.355000000000004,0,0
19.09.2016 08:12:56.415,46.405,46.375,0,0
19.09.2016 08:12:56.516,46.405,46.365,0,0
19.09.2016 08:12:57.418,46.405,46.37,0,0
19.09.2016 08:12:57.469,46.43,46.375,0,0
19.09.2016 08:12:58.722,46.425000000000004,46.375,0,0
19.09.2016 08:13:01.030,46.43,46.375,0,0
19.09.2016 08:13:01.370,46.425000000000004,46.37,0,0
19.09.2016 08:13:01.633,46.425000000000004,46.375,0,0
19.09.2016 08:13:01.683,46.435,46.375,0,0.0001
19.09.2016 08:13:02.443,46.43,46.375,0,0
19.09.2016 08:13:02.637,46.435,46.375,0,0.0001
19.09.2016 08:13:04.710,46.43,46.375,0,0
19.09.2016 08:13:05.936,46.43,46.37,0,0.0001
19.09.2016 08:13:10.954,46.43,46.375,0,0
19.09.2016 08:13:11.355,46.435,46.375,0,0.0001
19.09.2016 08:13:11.405,46.425000000000004,46.375,0,0
19.09.2016 08:13:11.456,46.43,46.375,0,0
19.09.2016 08:13:12.389,46.43,46.37,0,0.0001
19.09.2016 08:13:13.060,46.43,46.375,0,0
19.09.2016 08:13:13.195,46.435,46.375,0,0.0001
19.09.2016 08:13:13.433,46.43,46.375,0,0
19.09.2016 08:13:13.962,46.425000000000004,46.375,0,0
19.09.2016 08:13:14.162,46.435,46.375,0,0.0001
19.09.2016 08:13:14.363,46.425000000000004,46.375,0,0
19.09.2016 08:13:16.826,46.425000000000004,46.365,0,0.0001
19.09.2016 08:13:16.972,46.425000000000004,46.375,0,0
19.09.2016 08:13:17.800,46.435,46.375,0,0.0001
19.09.2016 08:13:18.853,46.435,46.38,0,0
19.09.2016 08:13:19.277,46.435,46.375,0,0.0001
19.09.2016 08:13:20.386,46.435,46.385,0,0
19.09.2016 08:13:20.480,46.435,46.375,0,0.0001
19.09.2016 08:13:20.680,46.435,46.385,0,0
19.09.2016 08:13:20.780,46.435,46.38,0,0
19.09.2016 08:13:21.446,46.44,46.38,0,0.0001
19.09.2016 08:13:23.670,46.435,46.38,0,0
19.09.2016 08:13:29.092,46.44,46.38,0,0.0001
19.09.2016 08:13:29.600,46.435,46.38,0,0
19.09.2016 08:13:31.102,46.44,46.38,0,0.0001
19.09.2016 08:13:31.345,46.435,46.38,0,0
19.09.2016 08:13:31.566,46.44,46.38,0,0.0001
19.09.2016 08:13:32.003,46.435,46.38,0,0
19.09.2016 08:13:32.665,46.435,46.375,0,0.0001
19.09.2016 08:13:34.507,46.435,46.38,0,0
19.09.2016 08:13:35.509,46.435,46.375,0,0.0001
19.09.2016 08:13:35.809,46.435,46.38,0,0
19.09.2016 08:13:36.010,46.435,46.375,0,0.0001
19.09.2016 08:13:36.330,46.435,46.38,0,0
19.09.2016 08:13:36.772,46.44,46.38,0,0.0001
19.09.2016 08:13:38.615,46.435,46.38,0,0
19.09.2016 08:13:41.146,46.43,46.375,0,0
19.09.2016 08:13:41.248,46.43,46.395,0,0
19.09.2016 08:13:41.476,46.455,46.395,0,0.0001
19.09.2016 08:13:41.958,46.45,46.395,0,0
19.09.2016 08:13:42.060,46.455,46.395,0,0.0001
19.09.2016 08:13:45.985,46.455,46.4,0,0
19.09.2016 08:13:53.065,46.455,46.405,0,0
19.09.2016 08:13:55.383,46.46,46.405,0,0
19.09.2016 08:13:56.325,46.455,46.4,0,0
19.09.2016 08:14:00.590,46.455,46.405,0,0
19.09.2016 08:14:01.715,46.465,46.405,0,0.0001
19.09.2016 08:14:03.599,46.455,46.405,0,0
19.09.2016 08:14:03.800,46.46,46.405,0,0
19.09.2016 08:14:06.006,46.455,46.405,0,0
19.09.2016 08:14:07.105,46.455,46.395,0,0.0001
19.09.2016 08:14:07.760,46.455,46.405,0,0
19.09.2016 08:14:09.415,46.455,46.395,0,0.0001
19.09.2016 08:14:09.837,46.455,46.4,0,0
19.09.2016 08:14:10.368,46.46,46.4,0,0.0001
19.09.2016 08:14:13.122,46.455,46.4,0,0
19.09.2016 08:14:13.595,46.455,46.395,0,0.0001
19.09.2016 08:14:21.415,46.445,46.395,0,0
19.09.2016 08:14:24.676,46.445,46.39,0,0
19.09.2016 08:14:25.785,46.445,46.385,0,0.0001
19.09.2016 08:14:26.145,46.445,46.395,0,0
19.09.2016 08:14:37.204,46.435,46.395,0,0
19.09.2016 08:14:37.364,46.435,46.385,0,0
19.09.2016 08:14:37.415,46.445,46.385,0,0.0001
19.09.2016 08:15:00.335,46.445,46.395,0,0
19.09.2016 08:15:01.025,46.455,46.395,0,0.0001
19.09.2016 08:15:11.032,46.455,46.405,0,0
19.09.2016 08:15:21.192,46.465,46.415,0,0
19.09.2016 08:15:21.373,46.475,46.415,0,0.0001
19.09.2016 08:15:31.603,46.465,46.415,0,0
19.09.2016 08:15:33.706,46.46,46.405,0,0
19.09.2016 08:15:33.906,46.465,46.405,0,0.0001
19.09.2016 08:15:34.708,46.465,46.410000000000004,0,0
19.09.2016 08:15:34.814,46.465,46.405,0,0.0001
19.09.2016 08:15:35.152,46.465,46.410000000000004,0,0
19.09.2016 08:15:35.748,46.465,46.405,0,0.0001
19.09.2016 08:15:36.211,46.465,46.415,0,0
19.09.2016 08:15:36.882,46.475,46.415,0,0.0001
19.09.2016 08:15:37.464,46.465,46.415,0,0
19.09.2016 08:15:37.982,46.465,46.405,0,0.0001
19.09.2016 08:15:38.380,46.465,46.415,0,0
19.09.2016 08:15:41.172,46.475,46.415,0,0.0001
19.09.2016 08:15:44.242,46.465,46.415,0,0
19.09.2016 08:15:46.957,46.465,46.405,0,0.0001
19.09.2016 08:15:52.457,46.46,46.405,0,0
19.09.2016 08:15:52.508,46.46,46.4,0,0.0001
19.09.2016 08:15:54.257,46.455,46.4,0,0
19.09.2016 08:15:54.462,46.46,46.4,0,0.0001
19.09.2016 08:15:56.166,46.46,46.405,0,0
19.09.2016 08:15:56.651,46.46,46.4,0,0.0001
19.09.2016 08:15:56.701,46.455,46.4,0,0
19.09.2016 08:15:56.792,46.455,46.395,0,0.0001
19.09.2016 08:15:56.983,46.455,46.4,0,0
19.09.2016 08:15:57.792,46.46,46.4,0,0.0001
19.09.2016 08:16:00.979,46.46,46.405,0,0
19.09.2016 08:16:01.029,46.465,46.405,0,0.0001
19.09.2016 08:16:01.280,46.46,46.405,0,0
19.09.2016 08:16:01.972,46.46,46.4,0,0.0001
19.09.2016 08:16:08.050,46.46,46.405,0,0
19.09.2016 08:16:08.324,46.465,46.405,0,0.0001
19.09.2016 08:16:12.201,46.46,46.405,0,0
19.09.2016 08:16:12.751,46.46,46.4,0,0.0001
19.09.2016 08:16:13.145,46.455,46.4,0,0
19.09.2016 08:16:13.704,46.46,46.4,0,0.0001
19.09.2016 08:16:14.405,46.455,46.4,0,0
19.09.2016 08:16:19.251,46.46,46.405,0,0
19.09.2016 08:16:19.415,46.46,46.415,0,0
19.09.2016 08:16:19.715,46.46,46.410000000000004,0,0
19.09.2016 08:16:20.392,46.47,46.410000000000004,0,0.0001
19.09.2016 08:16:21.062,46.47,46.415,0,0
19.09.2016 08:16:21.771,46.475,46.415,0,0.0001
19.09.2016 08:16:22.921,46.465,46.415,0,0
19.09.2016 08:16:26.830,46.475,46.425000000000004,0,0
19.09.2016 08:16:38.591,46.475,46.415,0,0.0001
19.09.2016 08:16:40.249,46.47,46.415,0,0
19.09.2016 08:16:40.581,46.47,46.410000000000004,0,0.0001
19.09.2016 08:16:41.098,46.47,46.415,0,0
19.09.2016 08:16:41.599,46.475,46.415,0,0.0001
19.09.2016 08:16:54.452,46.475,46.425000000000004,0,0
19.09.2016 08:16:54.608,46.475,46.415,0,0.0001
19.09.2016 08:16:54.875,46.475,46.42,0,0
19.09.2016 08:16:55.472,46.475,46.425000000000004,0,0
19.09.2016 08:16:55.701,46.475,46.415,0,0.0001
19.09.2016 08:16:56.777,46.475,46.425000000000004,0,0
19.09.2016 08:16:57.052,46.475,46.42,0,0
19.09.2016 08:16:57.102,46.480000000000004,46.42,0,0.0001
19.09.2016 08:16:57.479,46.475,46.42,0,0
19.09.2016 08:16:58.082,46.475,46.415,0,0.0001
19.09.2016 08:16:59.883,46.475,46.42,0,0
19.09.2016 08:17:01.401,46.480000000000004,46.42,0,0.0001
19.09.2016 08:17:06.791,46.480000000000004,46.425000000000004,0,0
19.09.2016 08:17:06.841,46.485,46.425000000000004,0,0.0001
19.09.2016 08:17:07.314,46.485,46.43,0,0
19.09.2016 08:17:07.781,46.49,46.43,0,0.0001
19.09.2016 08:17:10.497,46.485,46.43,0,0
19.09.2016 08:17:10.888,46.485,46.425000000000004,0,0.0001
19.09.2016 08:17:31.544,46.475,46.425000000000004,0,0
19.09.2016 08:17:31.834,46.47,46.415,0,0
19.09.2016 08:17:31.934,46.475,46.415,0,0.0001
19.09.2016 08:17:33.639,46.47,46.415,0,0
19.09.2016 08:17:36.820,46.47,46.410000000000004,0,0.0001
19.09.2016 08:17:37.965,46.465,46.405,0,0.0001
19.09.2016 08:17:38.846,46.465,46.410000000000004,0,0
19.09.2016 08:17:51.463,46.465,46.405,0,0.0001
19.09.2016 08:17:57.874,46.465,46.415,0,0
19.09.2016 08:18:00.392,46.475,46.415,0,0.0001
19.09.2016 08:18:01.046,46.475,46.425000000000004,0,0
19.09.2016 08:18:08.293,46.47,46.415,0,0
19.09.2016 08:18:10.270,46.47,46.410000000000004,0,0.0001
19.09.2016 08:18:11.589,46.465,46.410000000000004,0,0
19.09.2016 08:18:12.402,46.465,46.405,0,0.0001
19.09.2016 08:18:14.107,46.465,46.410000000000004,0,0
19.09.2016 08:18:16.011,46.465,46.405,0,0.0001
19.09.2016 08:18:17.718,46.465,46.410000000000004,0,0
19.09.2016 08:18:17.768,46.47,46.410000000000004,0,0.0001
19.09.2016 08:18:21.628,46.47,46.415,0,0
19.09.2016 08:18:22.259,46.475,46.415,0,0.0001
19.09.2016 08:18:33.050,46.475,46.425000000000004,0,0
