Local time,Ask,Bid,AskVolume,BidVolume
27.09.2016 01:00:01.394,47.1,47.04,0.0001,0
27.09.2016 01:00:01.694,47.09,47.03,0.0001,0
27.09.2016 01:00:01.999,47.085,47.025,0.0001,0
27.09.2016 01:00:06.853,47.09,47.03,0.0001,0
27.09.2016 01:00:07.511,47.095,47.035000000000004,0.0001,0
27.09.2016 01:00:08.120,47.1,47.04,0.0001,0
27.09.2016 01:00:08.512,47.095,47.035000000000004,0.0001,0
27.09.2016 01:00:14.918,47.105000000000004,47.045,0.0001,0
27.09.2016 01:00:27.456,47.11,47.050000000000004,0.0001,0
27.09.2016 01:00:31.965,47.105000000000004,47.045,0.0001,0
27.09.2016 01:02:31.693,47.095,47.035000000000004,0.0001,0
27.09.2016 01:02:45.423,47.09,47.03,0.0001,0
27.09.2016 01:03:16.188,47.085,47.025,0.0001,0
27.09.2016 01:03:25.510,47.09,47.03,0.0001,0
27.09.2016 01:04:08.005,47.085,47.025,0.0001,0
27.09.2016 01:04:30.039,47.09,47.03,0.0001,0
27.09.2016 01:05:00.931,47.085,47.025,0.0001,0
27.09.2016 01:05:09.373,47.08,47.02,0.0001,0
27.09.2016 01:05:20.384,47.07,47.01,0.0001,0
27.09.2016 01:05:48.516,47.065,47.005,0.0001,0
27.09.2016 01:05:53.623,47.055,46.995,0.0001,0
27.09.2016 01:06:00.932,47.050000000000004,46.99,0.0001,0
27.09.2016 01:06:18.052,47.04,46.980000000000004,0.0001,0
27.09.2016 01:06:25.261,47.035000000000004,46.975,0.0001,0
27.09.2016 01:06:33.215,47.025,46.965,0.0001,0
27.09.2016 01:06:48.624,47.02,46.96,0.0001,0
27.09.2016 01:07:14.337,47.015,46.955,0.0001,0
27.09.2016 01:07:29.556,47.02,46.96,0.0001,0
27.09.2016 01:07:41.277,47.025,46.965,0.0001,0
27.09.2016 01:07:50.085,47.04,46.980000000000004,0.0001,0
27.09.2016 01:07:57.416,47.03,46.97,0.0001,0
27.09.2016 01:08:04.202,47.025,46.965,0.0001,0
27.09.2016 01:08:21.523,47.02,46.96,0.0001,0
27.09.2016 01:09:01.865,47.03,46.97,0.0001,0
27.09.2016 01:09:08.574,47.025,46.965,0.0001,0
27.09.2016 01:09:19.287,47.02,46.96,0.0001,0
27.09.2016 01:10:22.063,47.015,46.955,0.0001,0
27.09.2016 01:10:30.974,47.01,46.95,0.0001,0
27.09.2016 01:10:36.080,47,46.94,0.0001,0
27.09.2016 01:10:46.498,47.01,46.95,0.0001,0
27.09.2016 01:12:52.968,47.015,46.955,0.0001,0
27.09.2016 01:12:57.673,47.01,46.95,0.0001,0
27.09.2016 01:13:39.526,47,46.94,0.0001,0
27.09.2016 01:13:40.027,46.995,46.935,0.0001,0
27.09.2016 01:13:52.249,47,46.94,0.0001,0
27.09.2016 01:15:37.675,46.99,46.93,0.0001,0
27.09.2016 01:16:05.728,46.985,46.925000000000004,0.0001,0
27.09.2016 01:16:06.200,46.97,46.910000000000004,0.0001,0
27.09.2016 01:16:26.527,46.985,46.925000000000004,0.0001,0
27.09.2016 01:16:40.871,46.980000000000004,46.92,0.0001,0
27.09.2016 01:16:43.644,46.975,46.915,0.0001,0
27.09.2016 01:16:51.654,46.980000000000004,46.92,0.0001,0
27.09.2016 01:17:10.775,46.99,46.93,0.0001,0
27.09.2016 01:17:22.088,46.995,46.935,0.0001,0
27.09.2016 01:17:53.614,47.005,46.945,0.0001,0
27.09.2016 01:18:05.630,47.01,46.95,0.0001,0
27.09.2016 01:18:25.752,47,46.94,0.0001,0
27.09.2016 01:18:41.310,46.995,46.935,0.0001,0
27.09.2016 01:18:42.171,46.99,46.93,0.0001,0
27.09.2016 01:18:43.674,46.985,46.925000000000004,0.0001,0
27.09.2016 01:19:06.354,46.97,46.910000000000004,0.0001,0
27.09.2016 01:19:06.657,46.96,46.9,0.0001,0
27.09.2016 01:19:07.370,46.945,46.885,0.0001,0
27.09.2016 01:19:10.514,46.95,46.89,0.0001,0
27.09.2016 01:19:13.226,46.945,46.885,0.0001,0
27.09.2016 01:19:13.964,46.95,46.89,0.0001,0
27.09.2016 01:19:24.336,46.94,46.88,0.0001,0
27.09.2016 01:19:26.731,46.935,46.875,0.0001,0
27.09.2016 01:19:27.256,46.925000000000004,46.865,0.0001,0
27.09.2016 01:19:28.834,46.92,46.86,0.0001,0
27.09.2016 01:19:41.846,46.925000000000004,46.865,0.0001,0
27.09.2016 01:19:52.565,46.935,46.875,0.0001,0
27.09.2016 01:19:55.768,46.945,46.885,0.0001,0
27.09.2016 01:20:04.694,46.955,46.895,0.0001,0
27.09.2016 01:20:27.417,46.96,46.9,0.0001,0
27.09.2016 01:21:02.060,46.955,46.895,0.0001,0
27.09.2016 01:21:06.365,46.965,46.905,0.0001,0
27.09.2016 01:21:29.187,46.97,46.910000000000004,0.0001,0
27.09.2016 01:22:04.225,46.975,46.915,0.0001,0
27.09.2016 01:22:06.527,46.980000000000004,46.92,0.0001,0
27.09.2016 01:22:12.864,46.965,46.905,0.0001,0
27.09.2016 01:22:29.310,46.97,46.910000000000004,0.0001,0
27.09.2016 01:22:44.071,46.965,46.905,0.0001,0
27.09.2016 01:22:58.795,46.96,46.9,0.0001,0
27.09.2016 01:23:12.019,46.955,46.895,0.0001,0
27.09.2016 01:23:12.351,46.93,46.87,0.0001,0
27.09.2016 01:23:23.026,46.92,46.86,0.0001,0
27.09.2016 01:23:35.042,46.93,46.87,0.0001,0
27.09.2016 01:23:35.619,46.935,46.875,0.0001,0
27.09.2016 01:23:41.785,46.93,46.87,0.0001,0
27.09.2016 01:23:43.753,46.915,46.855000000000004,0.0001,0
27.09.2016 01:23:45.656,46.910000000000004,46.85,0.0001,0
27.09.2016 01:23:46.157,46.905,46.845,0.0001,0
27.09.2016 01:23:46.874,46.895,46.835,0.0001,0
27.09.2016 01:23:52.364,46.9,46.84,0.0001,0
27.09.2016 01:23:59.772,46.895,46.835,0.0001,0
27.09.2016 01:24:02.175,46.9,46.84,0.0001,0
27.09.2016 01:24:07.015,46.895,46.835,0.0001,0
27.09.2016 01:24:22.801,46.89,46.83,0.0001,0
27.09.2016 01:24:23.276,46.885,46.825,0.0001,0
27.09.2016 01:24:39.823,46.895,46.835,0.0001,0
27.09.2016 01:24:41.223,46.910000000000004,46.85,0.0001,0
27.09.2016 01:24:48.831,46.905,46.845,0.0001,0
27.09.2016 01:24:51.034,46.910000000000004,46.85,0.0001,0
27.09.2016 01:24:52.742,46.9,46.84,0.0001,0
27.09.2016 01:24:56.040,46.895,46.835,0.0001,0
27.09.2016 01:24:59.643,46.9,46.84,0.0001,0
27.09.2016 01:25:00.008,46.895,46.835,0.0001,0
27.09.2016 01:25:13.761,46.9,46.84,0.0001,0
27.09.2016 01:25:27.277,46.910000000000004,46.85,0.0001,0
27.09.2016 01:25:48.174,46.905,46.845,0.0001,0
27.09.2016 01:25:59.223,46.895,46.835,0.0001,0
27.09.2016 01:26:07.075,46.9,46.84,0.0001,0
27.09.2016 01:26:12.739,46.905,46.845,0.0001,0
27.09.2016 01:26:34.761,46.9,46.84,0.0001,0
27.09.2016 01:26:44.571,46.895,46.835,0.0001,0
27.09.2016 01:26:46.874,46.9,46.84,0.0001,0
27.09.2016 01:27:03.495,46.905,46.845,0.0001,0
27.09.2016 01:27:44.529,46.895,46.835,0.0001,0
27.09.2016 01:28:24.202,46.89,46.83,0.0001,0
27.09.2016 01:29:13.688,46.895,46.835,0.0001,0
27.09.2016 01:29:14.761,46.89,46.83,0.0001,0
27.09.2016 01:29:15.862,46.885,46.825,0.0001,0
27.09.2016 01:29:26.972,46.89,46.83,0.0001,0
27.09.2016 01:29:54.902,46.895,46.835,0.0001,0
27.09.2016 01:30:25.242,46.89,46.83,0.0001,0
27.09.2016 01:31:16.481,46.885,46.825,0.0001,0
27.09.2016 01:31:36.792,46.9,46.84,0.0001,0
27.09.2016 01:31:44.814,46.905,46.845,0.0001,0
27.09.2016 01:31:56.231,46.910000000000004,46.85,0.0001,0
27.09.2016 01:32:07.471,46.915,46.855000000000004,0.0001,0
27.09.2016 01:32:14.334,46.910000000000004,46.85,0.0001,0
27.09.2016 01:32:34.660,46.905,46.845,0.0001,0
27.09.2016 01:32:37.061,46.910000000000004,46.85,0.0001,0
27.09.2016 01:32:53.792,46.92,46.86,0.0001,0
27.09.2016 01:33:03.911,46.905,46.845,0.0001,0
27.09.2016 01:33:04.243,46.910000000000004,46.85,0.0001,0
27.09.2016 01:33:08.718,46.92,46.86,0.0001,0
27.09.2016 01:33:10.420,46.925000000000004,46.865,0.0001,0
27.09.2016 01:33:23.033,46.93,46.87,0.0001,0
27.09.2016 01:33:37.085,46.925000000000004,46.865,0.0001,0
27.09.2016 01:34:09.879,46.93,46.87,0.0001,0
27.09.2016 01:35:00.834,46.925000000000004,46.865,0.0001,0
27.09.2016 01:35:30.564,46.93,46.87,0.0001,0
27.09.2016 01:36:09.520,46.935,46.875,0.0001,0
27.09.2016 01:37:24.662,46.94,46.88,0.0001,0
27.09.2016 01:37:56.609,46.935,46.875,0.0001,0
27.09.2016 01:39:03.183,46.93,46.87,0.0001,0
27.09.2016 01:47:02.914,46.94,46.88,0.0001,0
27.09.2016 01:47:54.426,46.955,46.865,0.0001,0
27.09.2016 01:47:55.427,46.965,46.855000000000004,0.0001,0
27.09.2016 01:48:17.751,46.94,46.88,0.0001,0
27.09.2016 01:49:43.405,46.95,46.89,0.0001,0
27.09.2016 01:50:00.854,46.96,46.9,0.0001,0
27.09.2016 01:50:02.257,46.965,46.905,0.0001,0
27.09.2016 01:50:03.270,46.980000000000004,46.92,0.0001,0
27.09.2016 01:50:13.479,46.975,46.915,0.0001,0
27.09.2016 01:50:29.901,46.965,46.905,0.0001,0
27.09.2016 01:51:13.564,46.97,46.910000000000004,0.0001,0
27.09.2016 01:51:16.767,46.96,46.9,0.0001,0
27.09.2016 01:52:18.620,46.955,46.895,0.0001,0
27.09.2016 01:53:49.433,46.96,46.9,0.0001,0
27.09.2016 01:53:54.726,46.955,46.895,0.0001,0
27.09.2016 01:57:25.459,46.945,46.885,0.0001,0
27.09.2016 01:57:56.992,46.94,46.88,0.0001,0
27.09.2016 01:58:26.625,46.955,46.895,0.0001,0
27.09.2016 01:58:31.736,46.965,46.905,0.0001,0
27.09.2016 01:59:28.490,46.955,46.895,0.0001,0
27.09.2016 01:59:31.894,46.965,46.905,0.0001,0
27.09.2016 01:59:32.372,46.975,46.915,0.0001,0
27.09.2016 01:59:41.003,46.980000000000004,46.92,0.0001,0
27.09.2016 01:59:42.385,46.975,46.915,0.0001,0
27.09.2016 01:59:44.707,46.97,46.910000000000004,0.0001,0
27.09.2016 01:59:53.947,46.975,46.915,0.0001,0
27.09.2016 01:59:57.319,46.980000000000004,46.92,0.0001,0
27.09.2016 02:00:04.332,46.975,46.915,0.0001,0
27.09.2016 02:00:26.091,46.980000000000004,46.92,0.0001,0
27.09.2016 02:00:52.387,46.97,46.910000000000004,0.0001,0
27.09.2016 02:01:15.108,46.95,46.89,0.0001,0
27.09.2016 02:01:26.759,46.955,46.895,0.0001,0
27.09.2016 02:02:01.251,46.96,46.9,0.0001,0
27.09.2016 02:02:41.288,46.955,46.895,0.0001,0
27.09.2016 02:03:20.950,46.95,46.89,0.0001,0
27.09.2016 02:03:44.871,46.945,46.885,0.0001,0
27.09.2016 02:04:15.498,46.95,46.89,0.0001,0
27.09.2016 02:05:52.946,46.96,46.9,0.0001,0
27.09.2016 02:05:57.649,46.955,46.895,0.0001,0
27.09.2016 02:05:58.057,46.96,46.9,0.0001,0
27.09.2016 02:05:58.438,46.955,46.895,0.0001,0
27.09.2016 02:06:14.321,46.95,46.89,0.0001,0
27.09.2016 02:06:29.136,46.955,46.895,0.0001,0
27.09.2016 02:06:45.051,46.95,46.89,0.0001,0
27.09.2016 02:07:43.030,46.955,46.895,0.0001,0
27.09.2016 02:07:53.544,46.95,46.89,0.0001,0
27.09.2016 02:08:24.570,46.955,46.895,0.0001,0
27.09.2016 02:08:31.376,46.95,46.89,0.0001,0
27.09.2016 02:08:36.784,46.955,46.895,0.0001,0
27.09.2016 02:09:29.038,46.96,46.9,0.0001,0
27.09.2016 02:10:54.320,46.955,46.895,0.0001,0
27.09.2016 02:11:04.559,46.95,46.89,0.0001,0
27.09.2016 02:11:16.008,46.96,46.9,0.0001,0
27.09.2016 02:11:22.577,46.955,46.895,0.0001,0
27.09.2016 02:11:51.211,46.96,46.9,0.0001,0
27.09.2016 02:12:12.940,46.965,46.905,0.0001,0
27.09.2016 02:13:45.612,46.97,46.910000000000004,0.0001,0
27.09.2016 02:13:46.164,46.980000000000004,46.92,0.0001,0
27.09.2016 02:13:48.916,46.975,46.915,0.0001,0
27.09.2016 02:13:49.971,46.985,46.925000000000004,0.0001,0
27.09.2016 02:14:03.295,46.980000000000004,46.92,0.0001,0
27.09.2016 02:14:03.719,46.985,46.925000000000004,0.0001,0
27.09.2016 02:14:13.312,46.980000000000004,46.92,0.0001,0
27.09.2016 02:14:13.666,46.985,46.925000000000004,0.0001,0
27.09.2016 02:14:36.550,46.975,46.915,0.0001,0
27.09.2016 02:14:36.851,46.985,46.925000000000004,0.0001,0
27.09.2016 02:14:47.067,46.980000000000004,46.92,0.0001,0
27.09.2016 02:15:00.385,46.985,46.925000000000004,0.0001,0
27.09.2016 02:15:01.489,46.980000000000004,46.92,0.0001,0
27.09.2016 02:15:04.099,46.97,46.910000000000004,0.0001,0
27.09.2016 02:15:10.827,46.965,46.905,0.0001,0
27.09.2016 02:15:15.538,46.97,46.910000000000004,0.0001,0
27.09.2016 02:15:16.031,46.965,46.905,0.0001,0
27.09.2016 02:15:22.255,46.97,46.910000000000004,0.0001,0
27.09.2016 02:15:24.862,46.975,46.915,0.0001,0
27.09.2016 02:15:25.346,46.97,46.910000000000004,0.0001,0
27.09.2016 02:16:13.471,46.965,46.905,0.0001,0
27.09.2016 02:16:20.085,46.97,46.910000000000004,0.0001,0
27.09.2016 02:16:36.910,46.965,46.905,0.0001,0
27.09.2016 02:17:24.789,46.975,46.915,0.0001,0
27.09.2016 02:17:37.357,46.980000000000004,46.92,0.0001,0
27.09.2016 02:17:39.162,46.975,46.915,0.0001,0
27.09.2016 02:17:53.318,46.97,46.910000000000004,0.0001,0
27.09.2016 02:18:13.834,46.975,46.915,0.0001,0
27.09.2016 02:18:32.680,46.980000000000004,46.92,0.0001,0
27.09.2016 02:18:36.185,46.975,46.915,0.0001,0
27.09.2016 02:18:39.095,46.980000000000004,46.92,0.0001,0
27.09.2016 02:18:46.707,46.99,46.93,0.0001,0
27.09.2016 02:18:48.934,46.985,46.925000000000004,0.0001,0
27.09.2016 02:19:03.886,46.99,46.93,0.0001,0
27.09.2016 02:19:04.286,47,46.94,0.0001,0
27.09.2016 02:19:14.825,47.005,46.945,0.0001,0
27.09.2016 02:19:22.144,47,46.94,0.0001,0
27.09.2016 02:19:22.547,47.005,46.945,0.0001,0
27.09.2016 02:19:31.064,47,46.94,0.0001,0
27.09.2016 02:19:31.522,47.005,46.945,0.0001,0
27.09.2016 02:19:39.513,47.01,46.95,0.0001,0
27.09.2016 02:19:51.948,47.015,46.955,0.0001,0
27.09.2016 02:19:58.823,47.01,46.95,0.0001,0
27.09.2016 02:20:11.645,47.015,46.955,0.0001,0
27.09.2016 02:20:12.647,47.02,46.96,0.0001,0
27.09.2016 02:20:13.750,47.035000000000004,46.975,0.0001,0
27.09.2016 02:20:21.063,47.03,46.97,0.0001,0
27.09.2016 02:20:21.465,47.035000000000004,46.975,0.0001,0
27.09.2016 02:21:30.283,47.03,46.97,0.0001,0
27.09.2016 02:21:42.801,47.035000000000004,46.975,0.0001,0
27.09.2016 02:22:04.939,47.025,46.965,0.0001,0
27.09.2016 02:22:15.056,47.02,46.96,0.0001,0
27.09.2016 02:22:25.072,47.015,46.955,0.0001,0
27.09.2016 02:22:43.956,47.02,46.96,0.0001,0
27.09.2016 02:22:56.835,47.015,46.955,0.0001,0
27.09.2016 02:23:23.830,47.005,46.945,0.0001,0
27.09.2016 02:23:25.490,46.995,46.935,0.0001,0
27.09.2016 02:23:26.192,46.985,46.925000000000004,0.0001,0
27.09.2016 02:23:36.304,46.980000000000004,46.92,0.0001,0
27.09.2016 02:23:40.610,46.975,46.915,0.0001,0
27.09.2016 02:23:41.611,46.980000000000004,46.92,0.0001,0
27.09.2016 02:23:43.224,46.975,46.915,0.0001,0
27.09.2016 02:23:43.598,46.980000000000004,46.92,0.0001,0
27.09.2016 02:23:48.523,46.975,46.915,0.0001,0
27.09.2016 02:23:51.571,46.980000000000004,46.92,0.0001,0
27.09.2016 02:24:06.473,46.975,46.915,0.0001,0
27.09.2016 02:26:43.396,46.97,46.910000000000004,0.0001,0
27.09.2016 02:26:57.009,46.965,46.905,0.0001,0
27.09.2016 02:27:26.150,46.975,46.915,0.0001,0
27.09.2016 02:29:38.050,46.980000000000004,46.92,0.0001,0
27.09.2016 02:29:47.471,46.99,46.93,0.0001,0
27.09.2016 02:30:04.211,47,46.94,0.0001,0
27.09.2016 02:30:04.559,47.01,46.95,0.0001,0
27.09.2016 02:30:08.922,47.005,46.945,0.0001,0
27.09.2016 02:30:21.048,47.01,46.95,0.0001,0
27.09.2016 02:30:29.068,47.015,46.955,0.0001,0
27.09.2016 02:30:36.786,47.01,46.95,0.0001,0
27.09.2016 02:30:51.135,47,46.94,0.0001,0
27.09.2016 02:31:08.827,46.995,46.935,0.0001,0
27.09.2016 02:31:09.329,46.985,46.925000000000004,0.0001,0
27.09.2016 02:31:09.771,46.980000000000004,46.92,0.0001,0
27.09.2016 02:31:23.801,46.985,46.925000000000004,0.0001,0
27.09.2016 02:31:24.383,46.99,46.93,0.0001,0
27.09.2016 02:31:24.704,46.985,46.925000000000004,0.0001,0
27.09.2016 02:31:34.558,46.99,46.93,0.0001,0
27.09.2016 02:32:06.381,46.975,46.915,0.0001,0
27.09.2016 02:32:19.104,46.97,46.910000000000004,0.0001,0
27.09.2016 02:32:31.431,46.96,46.9,0.0001,0
27.09.2016 02:33:40.307,46.965,46.905,0.0001,0
27.09.2016 02:33:55.376,46.97,46.910000000000004,0.0001,0
27.09.2016 02:34:06.394,46.96,46.9,0.0001,0
27.09.2016 02:34:09.237,46.965,46.905,0.0001,0
27.09.2016 02:34:24.926,46.97,46.910000000000004,0.0001,0
27.09.2016 02:35:11.265,46.975,46.915,0.0001,0
27.09.2016 02:35:48.100,46.97,46.910000000000004,0.0001,0
27.09.2016 02:37:06.132,46.975,46.915,0.0001,0
27.09.2016 02:37:06.733,46.980000000000004,46.92,0.0001,0
27.09.2016 02:37:15.148,46.99,46.93,0.0001,0
27.09.2016 02:37:16.451,46.995,46.935,0.0001,0
27.09.2016 02:37:22.569,47.015,46.955,0.0001,0
27.09.2016 02:37:31.071,47.005,46.945,0.0001,0
27.09.2016 02:37:31.472,47,46.94,0.0001,0
27.09.2016 02:37:35.379,47.005,46.945,0.0001,0
27.09.2016 02:37:35.711,47,46.94,0.0001,0
27.09.2016 02:37:40.287,47.005,46.945,0.0001,0
27.09.2016 02:37:41.992,47,46.94,0.0001,0
27.09.2016 02:37:42.479,47.005,46.945,0.0001,0
27.09.2016 02:37:46.096,47,46.94,0.0001,0
27.09.2016 02:37:50.529,47.01,46.95,0.0001,0
27.09.2016 02:38:03.932,47.015,46.955,0.0001,0
27.09.2016 02:38:05.535,47.01,46.95,0.0001,0
27.09.2016 02:38:18.360,47.03,46.97,0.0001,0
27.09.2016 02:38:18.764,47.025,46.965,0.0001,0
27.09.2016 02:38:28.683,47.03,46.97,0.0001,0
27.09.2016 02:38:38.903,47.02,46.96,0.0001,0
27.09.2016 02:39:10.680,47.015,46.955,0.0001,0
27.09.2016 02:39:14.688,47.005,46.945,0.0001,0
27.09.2016 02:39:17.495,47,46.94,0.0001,0
27.09.2016 02:39:31.007,46.995,46.935,0.0001,0
27.09.2016 02:39:36.750,46.99,46.93,0.0001,0
27.09.2016 02:39:53.274,46.995,46.935,0.0001,0
27.09.2016 02:40:11.489,47.01,46.95,0.0001,0
27.09.2016 02:40:12.025,47.005,46.945,0.0001,0
27.09.2016 02:40:16.600,47,46.94,0.0001,0
27.09.2016 02:40:17.018,46.995,46.935,0.0001,0
27.09.2016 02:40:30.726,47,46.94,0.0001,0
27.09.2016 02:41:16.399,47.005,46.945,0.0001,0
27.09.2016 02:41:32.978,47.01,46.95,0.0001,0
27.09.2016 02:41:54.358,47.005,46.945,0.0001,0
27.09.2016 02:41:59.112,47,46.94,0.0001,0
27.09.2016 02:42:09.577,47.005,46.945,0.0001,0
27.09.2016 02:42:29.706,46.995,46.935,0.0001,0
27.09.2016 02:42:33.011,46.99,46.93,0.0001,0
27.09.2016 02:42:33.408,46.995,46.935,0.0001,0
27.09.2016 02:42:38.852,46.99,46.93,0.0001,0
27.09.2016 02:42:45.035,47,46.94,0.0001,0
27.09.2016 02:42:57.484,47.01,46.95,0.0001,0
27.09.2016 02:42:57.928,47.015,46.955,0.0001,0
27.09.2016 02:42:59.627,47.02,46.96,0.0001,0
27.09.2016 02:43:02.399,47.025,46.965,0.0001,0
27.09.2016 02:43:07.711,47.04,46.980000000000004,0.0001,0
27.09.2016 02:43:10.116,47.045,46.985,0.0001,0
27.09.2016 02:43:10.573,47.050000000000004,46.99,0.0001,0
27.09.2016 02:43:13.949,47.055,46.995,0.0001,0
27.09.2016 02:43:14.931,47.06,47,0.0001,0
27.09.2016 02:43:15.633,47.055,46.995,0.0001,0
27.09.2016 02:43:16.735,47.06,47,0.0001,0
27.09.2016 02:43:17.337,47.085,47.025,0.0001,0
27.09.2016 02:43:17.738,47.095,47.035000000000004,0.0001,0
27.09.2016 02:43:18.941,47.09,47.03,0.0001,0
27.09.2016 02:43:22.254,47.08,47.02,0.0001,0
27.09.2016 02:43:22.774,47.06,47,0.0001,0
27.09.2016 02:43:25.565,47.055,46.995,0.0001,0
27.09.2016 02:43:28.571,47.06,47,0.0001,0
27.09.2016 02:43:29.577,47.065,47.005,0.0001,0
27.09.2016 02:43:33.178,47.07,47.01,0.0001,0
27.09.2016 02:43:33.979,47.065,47.005,0.0001,0
27.09.2016 02:43:34.580,47.055,46.995,0.0001,0
27.09.2016 02:43:42.501,47.06,47,0.0001,0
27.09.2016 02:43:43.224,47.055,46.995,0.0001,0
27.09.2016 02:43:49.012,47.065,47.005,0.0001,0
27.09.2016 02:43:55.522,47.055,46.995,0.0001,0
27.09.2016 02:43:58.629,47.050000000000004,46.99,0.0001,0
27.09.2016 02:44:08.648,47.055,46.995,0.0001,0
27.09.2016 02:44:28.583,47.06,47,0.0001,0
27.09.2016 02:45:01.906,47.065,47.005,0.0001,0
27.09.2016 02:45:09.897,47.07,47.01,0.0001,0
27.09.2016 02:45:10.977,47.065,47.005,0.0001,0
27.09.2016 02:45:12.080,47.06,47,0.0001,0
27.09.2016 02:45:22.105,47.055,46.995,0.0001,0
27.09.2016 02:45:25.957,47.045,46.985,0.0001,0
27.09.2016 02:45:28.812,47.055,46.995,0.0001,0
27.09.2016 02:45:36.121,47.050000000000004,46.99,0.0001,0
27.09.2016 02:45:48.637,47.04,46.980000000000004,0.0001,0
27.09.2016 02:46:11.690,47.065,46.975,0.0001,0
27.09.2016 02:46:24.317,47.050000000000004,46.99,0.0001,0
27.09.2016 02:46:34.433,47.055,46.995,0.0001,0
27.09.2016 02:46:46.750,47.050000000000004,46.99,0.0001,0
27.09.2016 02:46:47.392,47.055,46.995,0.0001,0
27.09.2016 02:46:51.061,47.065,47.005,0.0001,0
27.09.2016 02:47:00.579,47.06,47,0.0001,0
27.09.2016 02:47:00.965,47.065,47.005,0.0001,0
27.09.2016 02:47:02.030,47.06,47,0.0001,0
27.09.2016 02:47:02.479,47.065,47.005,0.0001,0
27.09.2016 02:47:06.986,47.06,47,0.0001,0
27.09.2016 02:47:17.649,47.07,47.01,0.0001,0
27.09.2016 02:47:19.631,47.075,47.015,0.0001,0
27.09.2016 02:47:31.871,47.07,47.01,0.0001,0
27.09.2016 02:47:40.032,47.065,47.005,0.0001,0
27.09.2016 02:47:46.839,47.06,47,0.0001,0
27.09.2016 02:47:54.348,47.065,47.005,0.0001,0
27.09.2016 02:47:54.833,47.06,47,0.0001,0
27.09.2016 02:48:15.028,47.065,47.005,0.0001,0
27.09.2016 02:48:23.924,47.08,47.02,0.0001,0
27.09.2016 02:48:33.842,47.07,47.01,0.0001,0
27.09.2016 02:48:35.929,47.065,47.005,0.0001,0
27.09.2016 02:48:48.252,47.07,47.01,0.0001,0
27.09.2016 02:49:01.784,47.065,47.005,0.0001,0
27.09.2016 02:49:06.390,47.07,47.01,0.0001,0
27.09.2016 02:49:07.191,47.075,47.015,0.0001,0
27.09.2016 02:49:10.498,47.08,47.02,0.0001,0
27.09.2016 02:49:42.198,47.075,47.015,0.0001,0
27.09.2016 02:49:50.888,47.07,47.01,0.0001,0
27.09.2016 02:49:59.286,47.075,47.015,0.0001,0
27.09.2016 02:50:00.889,47.07,47.01,0.0001,0
27.09.2016 02:50:33.231,47.08,47.02,0.0001,0
27.09.2016 02:50:33.705,47.085,47.025,0.0001,0
27.09.2016 02:50:53.923,47.075,47.015,0.0001,0
27.09.2016 02:51:00.770,47.07,47.01,0.0001,0
27.09.2016 02:51:13.613,47.08,47.02,0.0001,0
27.09.2016 02:51:25.267,47.075,47.015,0.0001,0
27.09.2016 02:51:31.039,47.07,47.01,0.0001,0
27.09.2016 02:51:34.344,47.08,47.02,0.0001,0
27.09.2016 02:51:36.580,47.075,47.015,0.0001,0
27.09.2016 02:51:48.210,47.08,47.02,0.0001,0
27.09.2016 02:52:02.279,47.07,47.01,0.0001,0
27.09.2016 02:52:04.282,47.065,47.005,0.0001,0
27.09.2016 02:52:06.585,47.06,47,0.0001,0
27.09.2016 02:52:11.993,47.065,47.005,0.0001,0
27.09.2016 02:52:13.195,47.075,47.015,0.0001,0
27.09.2016 02:52:23.059,47.07,47.01,0.0001,0
27.09.2016 02:52:29.117,47.08,47.02,0.0001,0
27.09.2016 02:52:29.508,47.085,47.025,0.0001,0
27.09.2016 02:52:39.929,47.08,47.02,0.0001,0
27.09.2016 02:52:43.236,47.085,47.025,0.0001,0
27.09.2016 02:53:07.992,47.08,47.02,0.0001,0
27.09.2016 02:53:29.705,47.07,47.01,0.0001,0
27.09.2016 02:54:00.244,47.065,47.005,0.0001,0
27.09.2016 02:54:11.458,47.07,47.01,0.0001,0
27.09.2016 02:54:21.972,47.06,47,0.0001,0
27.09.2016 02:54:37.489,47.065,47.005,0.0001,0
27.09.2016 02:54:58.339,47.06,47,0.0001,0
27.09.2016 02:55:10.753,47.065,47.005,0.0001,0
27.09.2016 02:55:27.839,47.07,47.01,0.0001,0
27.09.2016 02:55:28.450,47.065,47.005,0.0001,0
27.09.2016 02:55:53.955,47.07,47.01,0.0001,0
27.09.2016 02:56:24.300,47.08,47.02,0.0001,0
27.09.2016 02:57:28.010,47.09,47.03,0.0001,0
27.09.2016 02:57:30.931,47.085,47.025,0.0001,0
27.09.2016 02:57:40.599,47.09,47.03,0.0001,0
27.09.2016 02:57:46.445,47.085,47.025,0.0001,0
27.09.2016 02:58:11.334,47.08,47.02,0.0001,0
27.09.2016 02:58:22.050,47.075,47.015,0.0001,0
27.09.2016 02:58:33.060,47.07,47.01,0.0001,0
27.09.2016 02:58:44.370,47.065,47.005,0.0001,0
27.09.2016 02:58:52.781,47.06,47,0.0001,0
27.09.2016 02:59:05.801,47.07,47.01,0.0001,0
27.09.2016 02:59:21.215,47.08,47.02,0.0001,0
27.09.2016 03:00:23.401,47.07,47.01,0.0001,0
27.09.2016 03:00:23.866,47.09,47.03,0.0001,0
27.09.2016 03:00:37.017,47.08,47.02,0.0001,0
27.09.2016 03:01:08.985,47.085,47.025,0.0001,0
27.09.2016 03:01:11.490,47.08,47.02,0.0001,0
27.09.2016 03:01:15.119,47.09,47.03,0.0001,0
27.09.2016 03:01:26.037,47.08,47.02,0.0001,0
27.09.2016 03:02:02.084,47.085,47.025,0.0001,0
27.09.2016 03:02:06.693,47.09,47.03,0.0001,0
27.09.2016 03:02:07.194,47.085,47.025,0.0001,0
27.09.2016 03:02:32.070,47.09,47.03,0.0001,0
27.09.2016 03:02:56.281,47.085,47.025,0.0001,0
27.09.2016 03:03:21.524,47.075,47.015,0.0001,0
27.09.2016 03:03:38.585,47.08,47.02,0.0001,0
27.09.2016 03:03:42.454,47.07,47.01,0.0001,0
27.09.2016 03:03:54.269,47.075,47.015,0.0001,0
27.09.2016 03:04:05.384,47.08,47.02,0.0001,0
27.09.2016 03:04:13.995,47.07,47.01,0.0001,0
27.09.2016 03:04:14.352,47.065,47.005,0.0001,0
27.09.2016 03:04:16.140,47.07,47.01,0.0001,0
27.09.2016 03:04:17.300,47.065,47.005,0.0001,0
27.09.2016 03:04:30.928,47.06,47,0.0001,0
27.09.2016 03:04:36.636,47.07,47.01,0.0001,0
27.09.2016 03:04:38.290,47.06,47,0.0001,0
27.09.2016 03:04:45.651,47.07,47.01,0.0001,0
27.09.2016 03:04:52.059,47.06,47,0.0001,0
27.09.2016 03:04:53.360,47.065,47.005,0.0001,0
27.09.2016 03:05:06.177,47.07,47.01,0.0001,0
27.09.2016 03:05:16.414,47.06,47,0.0001,0
27.09.2016 03:05:27.309,47.065,47.005,0.0001,0
27.09.2016 03:05:38.618,47.07,47.01,0.0001,0
27.09.2016 03:06:06.459,47.08,47.02,0.0001,0
27.09.2016 03:06:24.786,47.085,47.025,0.0001,0
27.09.2016 03:06:50.924,47.08,47.02,0.0001,0
27.09.2016 03:06:51.716,47.075,47.015,0.0001,0
27.09.2016 03:06:56.531,47.07,47.01,0.0001,0
27.09.2016 03:06:57.675,47.08,47.02,0.0001,0
27.09.2016 03:06:59.829,47.085,47.025,0.0001,0
27.09.2016 03:07:12.042,47.08,47.02,0.0001,0
27.09.2016 03:07:22.956,47.07,47.01,0.0001,0
27.09.2016 03:07:30.007,47.065,47.005,0.0001,0
27.09.2016 03:07:30.998,47.07,47.01,0.0001,0
27.09.2016 03:07:32.266,47.075,47.015,0.0001,0
27.09.2016 03:07:41.780,47.07,47.01,0.0001,0
27.09.2016 03:07:45.486,47.08,47.02,0.0001,0
27.09.2016 03:07:45.987,47.07,47.01,0.0001,0
27.09.2016 03:07:57.810,47.08,47.02,0.0001,0
27.09.2016 03:08:10.927,47.075,47.015,0.0001,0
27.09.2016 03:08:16.090,47.07,47.01,0.0001,0
27.09.2016 03:08:29.451,47.075,47.015,0.0001,0
27.09.2016 03:08:30.453,47.07,47.01,0.0001,0
27.09.2016 03:08:44.773,47.08,47.02,0.0001,0
27.09.2016 03:09:07.766,47.09,47.03,0.0001,0
27.09.2016 03:09:22.132,47.095,47.035000000000004,0.0001,0
27.09.2016 03:09:22.734,47.1,47.04,0.0001,0
27.09.2016 03:09:30.841,47.09,47.03,0.0001,0
27.09.2016 03:09:31.193,47.085,47.025,0.0001,0
27.09.2016 03:09:40.056,47.08,47.02,0.0001,0
27.09.2016 03:09:40.956,47.075,47.015,0.0001,0
27.09.2016 03:09:45.562,47.08,47.02,0.0001,0
27.09.2016 03:09:47.212,47.075,47.015,0.0001,0
27.09.2016 03:09:51.369,47.08,47.02,0.0001,0
27.09.2016 03:09:55.574,47.075,47.015,0.0001,0
27.09.2016 03:09:59.980,47.085,47.025,0.0001,0
27.09.2016 03:10:10.097,47.09,47.03,0.0001,0
27.09.2016 03:10:10.718,47.095,47.035000000000004,0.0001,0
27.09.2016 03:10:20.815,47.09,47.03,0.0001,0
27.09.2016 03:10:30.029,47.08,47.02,0.0001,0
27.09.2016 03:10:42.052,47.09,47.03,0.0001,0
27.09.2016 03:11:54.053,47.1,47.04,0.0001,0
27.09.2016 03:11:55.955,47.115,47.04,0.0001,0
27.09.2016 03:12:00.061,47.105000000000004,47.04,0.0001,0
27.09.2016 03:12:10.375,47.115,47.04,0.0001,0
27.09.2016 03:12:16.781,47.095,47.035000000000004,0.0001,0
27.09.2016 03:12:20.318,47.09,47.03,0.0001,0
27.09.2016 03:12:20.886,47.095,47.035000000000004,0.0001,0
27.09.2016 03:12:21.387,47.09,47.03,0.0001,0
27.09.2016 03:12:21.988,47.095,47.035000000000004,0.0001,0
27.09.2016 03:12:34.010,47.09,47.03,0.0001,0
27.09.2016 03:12:45.520,47.08,47.02,0.0001,0
27.09.2016 03:13:41.311,47.075,47.015,0.0001,0
27.09.2016 03:13:52.424,47.08,47.02,0.0001,0
27.09.2016 03:14:00.134,47.075,47.015,0.0001,0
27.09.2016 03:14:12.157,47.08,47.02,0.0001,0
27.09.2016 03:14:19.167,47.085,47.025,0.0001,0
27.09.2016 03:14:19.468,47.09,47.03,0.0001,0
27.09.2016 03:14:41.394,47.085,47.025,0.0001,0
27.09.2016 03:14:52.807,47.075,47.015,0.0001,0
27.09.2016 03:15:06.165,47.08,47.02,0.0001,0
27.09.2016 03:15:06.945,47.075,47.015,0.0001,0
27.09.2016 03:15:11.852,47.08,47.02,0.0001,0
27.09.2016 03:15:46.221,47.09,47.03,0.0001,0
27.09.2016 03:16:03.342,47.105000000000004,47.045,0.0001,0
27.09.2016 03:16:04.145,47.11,47.050000000000004,0.0001,0
27.09.2016 03:16:16.192,47.12,47.06,0.0001,0
27.09.2016 03:16:26.903,47.105000000000004,47.045,0.0001,0
27.09.2016 03:16:33.211,47.1,47.04,0.0001,0
27.09.2016 03:16:39.418,47.085,47.025,0.0001,0
27.09.2016 03:16:43.123,47.08,47.02,0.0001,0
27.09.2016 03:16:53.233,47.085,47.025,0.0001,0
27.09.2016 03:17:21.687,47.08,47.02,0.0001,0
27.09.2016 03:19:45.337,47.085,47.025,0.0001,0
27.09.2016 03:19:53.456,47.11,47.050000000000004,0.0001,0
27.09.2016 03:19:58.306,47.12,47.06,0.0001,0
27.09.2016 03:20:14.485,47.115,47.055,0.0001,0
27.09.2016 03:20:16.087,47.125,47.065,0.0001,0
27.09.2016 03:20:17.331,47.13,47.07,0.0001,0
27.09.2016 03:20:29.301,47.135,47.075,0.0001,0
27.09.2016 03:20:29.675,47.14,47.08,0.0001,0
27.09.2016 03:20:31.708,47.135,47.075,0.0001,0
27.09.2016 03:20:32.405,47.165,47.105000000000004,0.0001,0
27.09.2016 03:20:32.706,47.175000000000004,47.115,0.0001,0
27.09.2016 03:20:33.358,47.185,47.125,0.0001,0
27.09.2016 03:20:38.716,47.19,47.13,0.0001,0
27.09.2016 03:20:39.817,47.2,47.14,0.0001,0
27.09.2016 03:20:41.420,47.205,47.145,0.0001,0
27.09.2016 03:20:42.221,47.215,47.155,0.0001,0
27.09.2016 03:20:44.023,47.21,47.15,0.0001,0
27.09.2016 03:20:49.463,47.205,47.145,0.0001,0
27.09.2016 03:20:52.835,47.19,47.13,0.0001,0
27.09.2016 03:20:53.571,47.185,47.125,0.0001,0
27.09.2016 03:21:05.151,47.18,47.12,0.0001,0
27.09.2016 03:21:15.797,47.175000000000004,47.115,0.0001,0
27.09.2016 03:21:16.362,47.18,47.12,0.0001,0
27.09.2016 03:21:24.882,47.175000000000004,47.115,0.0001,0
27.09.2016 03:21:45.410,47.17,47.11,0.0001,0
27.09.2016 03:22:07.935,47.160000000000004,47.1,0.0001,0
27.09.2016 03:22:10.387,47.155,47.095,0.0001,0
27.09.2016 03:22:24.365,47.160000000000004,47.1,0.0001,0
27.09.2016 03:22:43.873,47.155,47.095,0.0001,0
27.09.2016 03:22:56.287,47.160000000000004,47.1,0.0001,0
27.09.2016 03:22:56.777,47.165,47.105000000000004,0.0001,0
27.09.2016 03:22:58.289,47.17,47.11,0.0001,0
27.09.2016 03:23:04.597,47.165,47.105000000000004,0.0001,0
27.09.2016 03:23:12.806,47.160000000000004,47.1,0.0001,0
27.09.2016 03:23:14.609,47.165,47.105000000000004,0.0001,0
27.09.2016 03:23:23.821,47.160000000000004,47.1,0.0001,0
27.09.2016 03:23:44.041,47.165,47.105000000000004,0.0001,0
27.09.2016 03:24:03.476,47.17,47.11,0.0001,0
27.09.2016 03:24:27.233,47.145,47.085,0.0001,0
27.09.2016 03:24:33.525,47.135,47.075,0.0001,0
27.09.2016 03:24:53.142,47.13,47.07,0.0001,0
27.09.2016 03:24:58.851,47.135,47.075,0.0001,0
27.09.2016 03:24:59.181,47.13,47.07,0.0001,0
27.09.2016 03:25:02.753,47.135,47.075,0.0001,0
27.09.2016 03:25:11.261,47.13,47.07,0.0001,0
27.09.2016 03:25:14.165,47.135,47.075,0.0001,0
27.09.2016 03:25:19.871,47.13,47.07,0.0001,0
27.09.2016 03:25:20.395,47.135,47.075,0.0001,0
27.09.2016 03:25:36.714,47.14,47.08,0.0001,0
27.09.2016 03:26:12.448,47.155,47.095,0.0001,0
27.09.2016 03:26:28.270,47.165,47.105000000000004,0.0001,0
27.09.2016 03:26:28.766,47.160000000000004,47.1,0.0001,0
27.09.2016 03:26:51.403,47.15,47.09,0.0001,0
27.09.2016 03:26:57.309,47.155,47.095,0.0001,0
27.09.2016 03:26:57.861,47.15,47.09,0.0001,0
27.09.2016 03:27:04.418,47.155,47.095,0.0001,0
27.09.2016 03:27:09.160,47.160000000000004,47.1,0.0001,0
27.09.2016 03:27:09.789,47.155,47.095,0.0001,0
27.09.2016 03:27:22.341,47.15,47.09,0.0001,0
27.09.2016 03:27:22.691,47.145,47.085,0.0001,0
27.09.2016 03:27:23.085,47.14,47.08,0.0001,0
27.09.2016 03:27:33.156,47.135,47.075,0.0001,0
27.09.2016 03:27:52.681,47.14,47.08,0.0001,0
27.09.2016 03:27:53.782,47.135,47.075,0.0001,0
27.09.2016 03:27:57.387,47.14,47.08,0.0001,0
27.09.2016 03:28:45.543,47.135,47.075,0.0001,0
27.09.2016 03:28:47.709,47.14,47.08,0.0001,0
27.09.2016 03:28:48.147,47.145,47.085,0.0001,0
27.09.2016 03:28:50.958,47.155,47.095,0.0001,0
27.09.2016 03:28:55.173,47.15,47.09,0.0001,0
27.09.2016 03:28:58.215,47.135,47.075,0.0001,0
27.09.2016 03:29:13.830,47.14,47.08,0.0001,0
27.09.2016 03:29:33.651,47.135,47.075,0.0001,0
27.09.2016 03:29:45.063,47.13,47.07,0.0001,0
27.09.2016 03:29:58.178,47.135,47.075,0.0001,0
27.09.2016 03:29:59.714,47.125,47.065,0.0001,0
27.09.2016 03:30:02.488,47.12,47.06,0.0001,0
27.09.2016 03:30:02.989,47.125,47.065,0.0001,0
27.09.2016 03:30:14.605,47.13,47.07,0.0001,0
27.09.2016 03:31:08.281,47.125,47.065,0.0001,0
27.09.2016 03:31:19.406,47.13,47.07,0.0001,0
27.09.2016 03:31:19.751,47.135,47.075,0.0001,0
27.09.2016 03:31:28.723,47.155,47.095,0.0001,0
27.09.2016 03:31:31.928,47.160000000000004,47.1,0.0001,0
27.09.2016 03:31:34.836,47.155,47.095,0.0001,0
27.09.2016 03:31:50.279,47.15,47.09,0.0001,0
27.09.2016 03:31:50.780,47.145,47.085,0.0001,0
27.09.2016 03:31:51.906,47.14,47.08,0.0001,0
27.09.2016 03:31:59.699,47.145,47.085,0.0001,0
27.09.2016 03:32:01.503,47.15,47.09,0.0001,0
27.09.2016 03:32:02.908,47.160000000000004,47.1,0.0001,0
27.09.2016 03:32:03.265,47.15,47.09,0.0001,0
27.09.2016 03:32:06.016,47.155,47.095,0.0001,0
27.09.2016 03:32:17.738,47.15,47.09,0.0001,0
27.09.2016 03:32:28.659,47.14,47.08,0.0001,0
27.09.2016 03:32:37.168,47.145,47.085,0.0001,0
27.09.2016 03:32:48.686,47.155,47.095,0.0001,0
27.09.2016 03:32:59.928,47.160000000000004,47.1,0.0001,0
27.09.2016 03:33:22.544,47.15,47.09,0.0001,0
27.09.2016 03:33:25.248,47.14,47.08,0.0001,0
27.09.2016 03:33:25.694,47.135,47.075,0.0001,0
27.09.2016 03:33:39.966,47.14,47.08,0.0001,0
27.09.2016 03:33:58.084,47.13,47.07,0.0001,0
27.09.2016 03:34:05.612,47.14,47.08,0.0001,0
27.09.2016 03:34:06.188,47.145,47.085,0.0001,0
27.09.2016 03:34:26.274,47.14,47.08,0.0001,0
27.09.2016 03:34:44.885,47.15,47.09,0.0001,0
27.09.2016 03:35:29.866,47.160000000000004,47.1,0.0001,0
27.09.2016 03:35:36.376,47.155,47.095,0.0001,0
27.09.2016 03:35:56.819,47.15,47.09,0.0001,0
27.09.2016 03:35:57.428,47.155,47.095,0.0001,0
27.09.2016 03:36:09.814,47.15,47.09,0.0001,0
27.09.2016 03:36:14.646,47.155,47.095,0.0001,0
27.09.2016 03:36:33.744,47.160000000000004,47.1,0.0001,0
27.09.2016 03:36:46.587,47.165,47.105000000000004,0.0001,0
27.09.2016 03:36:49.368,47.160000000000004,47.1,0.0001,0
27.09.2016 03:36:52.773,47.155,47.095,0.0001,0
27.09.2016 03:36:55.276,47.15,47.09,0.0001,0
27.09.2016 03:37:05.515,47.145,47.085,0.0001,0
27.09.2016 03:37:16.931,47.14,47.08,0.0001,0
27.09.2016 03:37:17.432,47.15,47.09,0.0001,0
27.09.2016 03:37:28.245,47.14,47.08,0.0001,0
27.09.2016 03:37:29.393,47.15,47.09,0.0001,0
27.09.2016 03:37:41.866,47.155,47.095,0.0001,0
27.09.2016 03:37:47.672,47.160000000000004,47.1,0.0001,0
27.09.2016 03:37:50.075,47.165,47.105000000000004,0.0001,0
27.09.2016 03:37:52.296,47.160000000000004,47.1,0.0001,0
27.09.2016 03:37:55.482,47.15,47.09,0.0001,0
27.09.2016 03:38:14.871,47.155,47.095,0.0001,0
27.09.2016 03:38:23.839,47.165,47.105000000000004,0.0001,0
27.09.2016 03:38:33.557,47.160000000000004,47.1,0.0001,0
27.09.2016 03:38:41.077,47.155,47.095,0.0001,0
27.09.2016 03:38:51.184,47.15,47.09,0.0001,0
27.09.2016 03:38:55.191,47.14,47.08,0.0001,0
27.09.2016 03:38:55.716,47.135,47.075,0.0001,0
27.09.2016 03:39:02.731,47.14,47.08,0.0001,0
27.09.2016 03:39:16.249,47.15,47.09,0.0001,0
27.09.2016 03:39:34.205,47.155,47.095,0.0001,0
27.09.2016 03:39:42.319,47.14,47.08,0.0001,0
27.09.2016 03:39:58.443,47.135,47.075,0.0001,0
27.09.2016 03:40:16.267,47.14,47.08,0.0001,0
27.09.2016 03:40:18.670,47.15,47.09,0.0001,0
27.09.2016 03:40:32.799,47.160000000000004,47.1,0.0001,0
27.09.2016 03:40:40.100,47.165,47.105000000000004,0.0001,0
27.09.2016 03:40:53.717,47.17,47.11,0.0001,0
27.09.2016 03:41:08.914,47.165,47.105000000000004,0.0001,0
27.09.2016 03:41:19.386,47.17,47.11,0.0001,0
27.09.2016 03:42:09.843,47.165,47.105000000000004,0.0001,0
27.09.2016 03:42:41.984,47.175000000000004,47.115,0.0001,0
27.09.2016 03:43:23.690,47.17,47.11,0.0001,0
27.09.2016 03:43:31.246,47.175000000000004,47.115,0.0001,0
27.09.2016 03:44:29.312,47.18,47.12,0.0001,0
27.09.2016 03:44:29.883,47.185,47.125,0.0001,0
27.09.2016 03:44:44.027,47.18,47.12,0.0001,0
27.09.2016 03:44:51.634,47.185,47.125,0.0001,0
27.09.2016 03:45:10.255,47.18,47.12,0.0001,0
27.09.2016 03:45:20.366,47.185,47.125,0.0001,0
27.09.2016 03:45:24.069,47.18,47.12,0.0001,0
27.09.2016 03:45:25.471,47.185,47.125,0.0001,0
27.09.2016 03:45:37.025,47.18,47.12,0.0001,0
27.09.2016 03:45:42.390,47.185,47.125,0.0001,0
27.09.2016 03:45:58.518,47.18,47.12,0.0001,0
27.09.2016 03:46:03.125,47.185,47.125,0.0001,0
27.09.2016 03:46:04.615,47.18,47.12,0.0001,0
27.09.2016 03:46:15.136,47.19,47.13,0.0001,0
27.09.2016 03:46:25.850,47.2,47.14,0.0001,0
27.09.2016 03:46:57.486,47.22,47.160000000000004,0.0001,0
27.09.2016 03:47:25.815,47.205,47.145,0.0001,0
27.09.2016 03:47:28.818,47.21,47.15,0.0001,0
27.09.2016 03:47:41.631,47.22,47.160000000000004,0.0001,0
27.09.2016 03:47:58.645,47.225,47.165,0.0001,0
27.09.2016 03:48:03.550,47.25,47.19,0.0001,0
27.09.2016 03:48:05.079,47.255,47.195,0.0001,0
27.09.2016 03:48:05.690,47.265,47.205,0.0001,0
27.09.2016 03:48:06.856,47.27,47.21,0.0001,0
27.09.2016 03:48:07.256,47.26,47.2,0.0001,0
27.09.2016 03:48:21.774,47.27,47.21,0.0001,0
27.09.2016 03:48:32.586,47.275,47.215,0.0001,0
27.09.2016 03:48:43.501,47.27,47.21,0.0001,0
27.09.2016 03:48:46.645,47.26,47.2,0.0001,0
27.09.2016 03:48:49.309,47.27,47.21,0.0001,0
27.09.2016 03:49:00.930,47.275,47.215,0.0001,0
27.09.2016 03:49:35.490,47.265,47.205,0.0001,0
27.09.2016 03:49:39.896,47.27,47.21,0.0001,0
27.09.2016 03:49:42.399,47.265,47.205,0.0001,0
27.09.2016 03:49:44.606,47.27,47.21,0.0001,0
27.09.2016 03:50:00.924,47.265,47.205,0.0001,0
27.09.2016 03:50:04.730,47.26,47.2,0.0001,0
27.09.2016 03:50:17.543,47.27,47.21,0.0001,0
27.09.2016 03:50:19.845,47.275,47.215,0.0001,0
27.09.2016 03:50:51.125,47.285000000000004,47.225,0.0001,0
27.09.2016 03:51:06.353,47.275,47.215,0.0001,0
27.09.2016 03:51:10.411,47.28,47.22,0.0001,0
27.09.2016 03:51:29.442,47.275,47.215,0.0001,0
27.09.2016 03:51:34.448,47.285000000000004,47.225,0.0001,0
27.09.2016 03:51:45.360,47.275,47.215,0.0001,0
27.09.2016 03:52:00.673,47.28,47.22,0.0001,0
27.09.2016 03:52:01.056,47.275,47.215,0.0001,0
27.09.2016 03:52:02.781,47.285000000000004,47.225,0.0001,0
27.09.2016 03:52:08.813,47.265,47.205,0.0001,0
27.09.2016 03:52:12.291,47.26,47.2,0.0001,0
27.09.2016 03:52:24.001,47.265,47.205,0.0001,0
27.09.2016 03:53:17.464,47.27,47.21,0.0001,0
27.09.2016 03:53:21.413,47.265,47.205,0.0001,0
27.09.2016 03:53:24.976,47.27,47.21,0.0001,0
27.09.2016 03:53:35.585,47.275,47.215,0.0001,0
27.09.2016 03:53:44.416,47.28,47.22,0.0001,0
27.09.2016 03:53:44.750,47.275,47.215,0.0001,0
27.09.2016 03:53:45.597,47.28,47.22,0.0001,0
27.09.2016 03:53:50.701,47.275,47.215,0.0001,0
27.09.2016 03:53:56.807,47.28,47.22,0.0001,0
27.09.2016 03:53:57.208,47.29,47.230000000000004,0.0001,0
27.09.2016 03:53:57.685,47.285000000000004,47.225,0.0001,0
27.09.2016 03:53:59.610,47.29,47.230000000000004,0.0001,0
27.09.2016 03:54:00.312,47.295,47.235,0.0001,0
27.09.2016 03:54:03.816,47.300000000000004,47.24,0.0001,0
27.09.2016 03:54:05.418,47.295,47.235,0.0001,0
27.09.2016 03:54:05.935,47.29,47.230000000000004,0.0001,0
27.09.2016 03:54:07.129,47.31,47.25,0.0001,0
27.09.2016 03:54:07.586,47.295,47.235,0.0001,0
27.09.2016 03:54:08.626,47.300000000000004,47.24,0.0001,0
27.09.2016 03:54:09.290,47.295,47.235,0.0001,0
27.09.2016 03:54:10.833,47.300000000000004,47.24,0.0001,0
27.09.2016 03:54:16.038,47.31,47.25,0.0001,0
27.09.2016 03:54:26.252,47.305,47.245,0.0001,0
27.09.2016 03:54:29.160,47.31,47.25,0.0001,0
27.09.2016 03:54:32.661,47.305,47.245,0.0001,0
27.09.2016 03:54:46.620,47.300000000000004,47.24,0.0001,0
27.09.2016 03:55:07.109,47.295,47.235,0.0001,0
27.09.2016 03:55:20.224,47.265,47.205,0.0001,0
27.09.2016 03:55:22.357,47.27,47.21,0.0001,0
27.09.2016 03:55:23.928,47.255,47.195,0.0001,0
27.09.2016 03:55:25.030,47.25,47.19,0.0001,0
27.09.2016 03:55:29.235,47.245,47.185,0.0001,0
27.09.2016 03:55:30.937,47.25,47.19,0.0001,0
27.09.2016 03:55:43.753,47.26,47.2,0.0001,0
27.09.2016 03:55:56.266,47.25,47.19,0.0001,0
27.09.2016 03:56:09.884,47.245,47.185,0.0001,0
27.09.2016 03:56:13.388,47.235,47.175000000000004,0.0001,0
27.09.2016 03:56:13.688,47.230000000000004,47.17,0.0001,0
27.09.2016 03:56:16.391,47.225,47.165,0.0001,0
27.09.2016 03:56:20.795,47.230000000000004,47.17,0.0001,0
27.09.2016 03:56:21.897,47.225,47.165,0.0001,0
27.09.2016 03:56:23.999,47.22,47.160000000000004,0.0001,0
27.09.2016 03:56:25.602,47.225,47.165,0.0001,0
27.09.2016 03:56:28.705,47.230000000000004,47.17,0.0001,0
27.09.2016 03:56:35.514,47.215,47.155,0.0001,0
27.09.2016 03:56:40.030,47.225,47.165,0.0001,0
27.09.2016 03:57:06.956,47.230000000000004,47.17,0.0001,0
27.09.2016 03:57:17.874,47.235,47.175000000000004,0.0001,0
27.09.2016 03:57:38.389,47.230000000000004,47.17,0.0001,0
27.09.2016 03:57:47.302,47.225,47.165,0.0001,0
27.09.2016 03:57:50.106,47.22,47.160000000000004,0.0001,0
27.09.2016 03:57:50.451,47.225,47.165,0.0001,0
27.09.2016 03:57:55.513,47.22,47.160000000000004,0.0001,0
27.09.2016 03:57:58.818,47.215,47.155,0.0001,0
27.09.2016 03:58:00.220,47.21,47.15,0.0001,0
27.09.2016 03:58:02.121,47.195,47.135,0.0001,0
27.09.2016 03:58:06.027,47.19,47.13,0.0001,0
27.09.2016 03:58:06.962,47.185,47.125,0.0001,0
27.09.2016 03:58:07.530,47.18,47.12,0.0001,0
27.09.2016 03:58:14.437,47.19,47.13,0.0001,0
27.09.2016 03:58:20.343,47.195,47.135,0.0001,0
27.09.2016 03:58:32.877,47.19,47.13,0.0001,0
27.09.2016 03:59:44.804,47.2,47.14,0.0001,0
27.09.2016 03:59:48.048,47.195,47.135,0.0001,0
27.09.2016 03:59:53.729,47.19,47.13,0.0001,0
27.09.2016 03:59:54.313,47.195,47.135,0.0001,0
27.09.2016 03:59:54.719,47.19,47.13,0.0001,0
27.09.2016 04:00:00.049,47.2,47.14,0.0001,0
27.09.2016 04:00:09.736,47.195,47.135,0.0001,0
27.09.2016 04:00:20.746,47.2,47.14,0.0001,0
27.09.2016 04:00:27.054,47.21,47.15,0.0001,0
27.09.2016 04:00:27.454,47.215,47.155,0.0001,0
27.09.2016 04:00:39.967,47.21,47.15,0.0001,0
27.09.2016 04:00:44.513,47.215,47.155,0.0001,0
27.09.2016 04:00:57.782,47.22,47.160000000000004,0.0001,0
27.09.2016 04:01:06.012,47.230000000000004,47.17,0.0001,0
27.09.2016 04:01:15.527,47.22,47.160000000000004,0.0001,0
27.09.2016 04:01:21.433,47.21,47.15,0.0001,0
27.09.2016 04:01:23.239,47.215,47.155,0.0001,0
27.09.2016 04:01:41.660,47.21,47.15,0.0001,0
27.09.2016 04:01:56.609,47.205,47.145,0.0001,0
27.09.2016 04:02:20.101,47.2,47.14,0.0001,0
27.09.2016 04:02:30.655,47.195,47.135,0.0001,0
27.09.2016 04:02:41.028,47.2,47.14,0.0001,0
27.09.2016 04:02:47.034,47.205,47.145,0.0001,0
27.09.2016 04:02:56.044,47.2,47.14,0.0001,0
27.09.2016 04:03:06.619,47.195,47.135,0.0001,0
27.09.2016 04:03:29.946,47.19,47.13,0.0001,0
27.09.2016 04:03:30.557,47.185,47.125,0.0001,0
27.09.2016 04:03:50.667,47.18,47.12,0.0001,0
27.09.2016 04:03:56.137,47.185,47.125,0.0001,0
27.09.2016 04:04:07.101,47.18,47.12,0.0001,0
27.09.2016 04:04:15.195,47.19,47.13,0.0001,0
27.09.2016 04:04:16.011,47.195,47.135,0.0001,0
27.09.2016 04:04:29.908,47.19,47.13,0.0001,0
27.09.2016 04:04:30.731,47.195,47.135,0.0001,0
27.09.2016 04:04:48.560,47.19,47.13,0.0001,0
27.09.2016 04:05:00.143,47.195,47.135,0.0001,0
27.09.2016 04:05:03.089,47.19,47.13,0.0001,0
27.09.2016 04:05:13.858,47.2,47.14,0.0001,0
27.09.2016 04:06:45.894,47.19,47.13,0.0001,0
27.09.2016 04:06:46.361,47.195,47.135,0.0001,0
27.09.2016 04:07:04.710,47.185,47.125,0.0001,0
27.09.2016 04:07:20.800,47.18,47.12,0.0001,0
27.09.2016 04:07:42.332,47.185,47.125,0.0001,0
27.09.2016 04:07:44.865,47.18,47.12,0.0001,0
27.09.2016 04:07:53.642,47.19,47.13,0.0001,0
27.09.2016 04:07:59.953,47.18,47.12,0.0001,0
27.09.2016 04:08:00.549,47.185,47.125,0.0001,0
27.09.2016 04:08:25.376,47.18,47.12,0.0001,0
27.09.2016 04:09:43.285,47.185,47.125,0.0001,0
27.09.2016 04:10:02.705,47.18,47.12,0.0001,0
27.09.2016 04:15:16.119,47.185,47.125,0.0001,0
27.09.2016 04:15:16.519,47.18,47.12,0.0001,0
27.09.2016 04:15:32.635,47.185,47.125,0.0001,0
27.09.2016 04:15:41.344,47.18,47.12,0.0001,0
27.09.2016 04:15:42.846,47.175000000000004,47.115,0.0001,0
27.09.2016 04:15:53.766,47.18,47.12,0.0001,0
27.09.2016 04:16:14.108,47.185,47.125,0.0001,0
27.09.2016 04:16:25.419,47.18,47.12,0.0001,0
27.09.2016 04:17:10.858,47.175000000000004,47.115,0.0001,0
27.09.2016 04:17:23.268,47.18,47.12,0.0001,0
27.09.2016 04:17:44.392,47.175000000000004,47.115,0.0001,0
27.09.2016 04:17:55.696,47.17,47.11,0.0001,0
27.09.2016 04:18:16.914,47.165,47.105000000000004,0.0001,0
27.09.2016 04:18:34.031,47.17,47.11,0.0001,0
27.09.2016 04:18:39.236,47.18,47.12,0.0001,0
27.09.2016 04:19:27.511,47.185,47.125,0.0001,0
27.09.2016 04:19:39.190,47.19,47.13,0.0001,0
27.09.2016 04:19:39.593,47.195,47.135,0.0001,0
27.09.2016 04:19:49.300,47.2,47.14,0.0001,0
27.09.2016 04:19:55.307,47.185,47.125,0.0001,0
27.09.2016 04:20:01.015,47.18,47.12,0.0001,0
27.09.2016 04:20:02.564,47.185,47.125,0.0001,0
27.09.2016 04:20:13.227,47.19,47.13,0.0001,0
27.09.2016 04:20:40.654,47.2,47.14,0.0001,0
27.09.2016 04:20:53.478,47.205,47.145,0.0001,0
27.09.2016 04:21:13.995,47.215,47.155,0.0001,0
27.09.2016 04:21:18.599,47.225,47.165,0.0001,0
27.09.2016 04:21:19.601,47.215,47.155,0.0001,0
27.09.2016 04:21:27.430,47.225,47.165,0.0001,0
27.09.2016 04:21:33.514,47.230000000000004,47.17,0.0001,0
27.09.2016 04:21:37.819,47.235,47.175000000000004,0.0001,0
27.09.2016 04:21:50.131,47.230000000000004,47.17,0.0001,0
27.09.2016 04:21:57.547,47.215,47.155,0.0001,0
27.09.2016 04:22:10.452,47.205,47.145,0.0001,0
27.09.2016 04:22:23.170,47.21,47.15,0.0001,0
27.09.2016 04:22:27.968,47.205,47.145,0.0001,0
27.09.2016 04:22:32.675,47.22,47.160000000000004,0.0001,0
27.09.2016 04:22:45.189,47.230000000000004,47.17,0.0001,0
27.09.2016 04:22:50.195,47.235,47.175000000000004,0.0001,0
27.09.2016 04:23:00.504,47.230000000000004,47.17,0.0001,0
27.09.2016 04:23:20.534,47.235,47.175000000000004,0.0001,0
27.09.2016 04:23:31.253,47.230000000000004,47.17,0.0001,0
27.09.2016 04:24:28.299,47.225,47.165,0.0001,0
27.09.2016 04:25:28.567,47.21,47.15,0.0001,0
27.09.2016 04:25:44.682,47.215,47.155,0.0001,0
27.09.2016 04:25:55.494,47.22,47.160000000000004,0.0001,0
27.09.2016 04:26:26.532,47.225,47.165,0.0001,0
27.09.2016 04:30:17.221,47.22,47.160000000000004,0.0001,0
27.09.2016 04:30:27.831,47.225,47.165,0.0001,0
27.09.2016 04:31:03.288,47.230000000000004,47.17,0.0001,0
27.09.2016 04:31:03.673,47.235,47.175000000000004,0.0001,0
27.09.2016 04:31:06.593,47.24,47.18,0.0001,0
27.09.2016 04:31:15.908,47.25,47.19,0.0001,0
27.09.2016 04:31:26.720,47.245,47.185,0.0001,0
27.09.2016 04:31:45.096,47.24,47.18,0.0001,0
27.09.2016 04:31:48.608,47.235,47.175000000000004,0.0001,0
27.09.2016 04:32:01.420,47.225,47.165,0.0001,0
27.09.2016 04:34:17.087,47.21,47.15,0.0001,0
27.09.2016 04:34:28.608,47.205,47.145,0.0001,0
27.09.2016 04:34:40.335,47.195,47.135,0.0001,0
27.09.2016 04:34:42.123,47.19,47.13,0.0001,0
27.09.2016 04:34:44.031,47.185,47.125,0.0001,0
27.09.2016 04:34:51.394,47.195,47.135,0.0001,0
27.09.2016 04:34:56.837,47.19,47.13,0.0001,0
27.09.2016 04:35:00.943,47.205,47.145,0.0001,0
27.09.2016 04:36:29.055,47.21,47.15,0.0001,0
27.09.2016 04:36:41.843,47.205,47.145,0.0001,0
27.09.2016 04:37:00.300,47.21,47.15,0.0001,0
27.09.2016 04:37:20.803,47.215,47.155,0.0001,0
27.09.2016 04:37:39.239,47.22,47.160000000000004,0.0001,0
27.09.2016 04:38:15.495,47.225,47.165,0.0001,0
27.09.2016 04:38:21.802,47.235,47.175000000000004,0.0001,0
27.09.2016 04:38:29.914,47.230000000000004,47.17,0.0001,0
27.09.2016 04:38:37.324,47.24,47.18,0.0001,0
27.09.2016 04:38:48.438,47.245,47.185,0.0001,0
27.09.2016 04:39:00.157,47.25,47.19,0.0001,0
27.09.2016 04:39:11.172,47.255,47.195,0.0001,0
27.09.2016 04:40:29.488,47.26,47.2,0.0001,0
27.09.2016 04:40:44.903,47.255,47.195,0.0001,0
27.09.2016 04:40:55.015,47.25,47.19,0.0001,0
27.09.2016 04:40:55.624,47.255,47.195,0.0001,0
27.09.2016 04:40:59.727,47.26,47.2,0.0001,0
27.09.2016 04:41:00.242,47.255,47.195,0.0001,0
27.09.2016 04:41:12.568,47.25,47.19,0.0001,0
27.09.2016 04:41:26.986,47.245,47.185,0.0001,0
27.09.2016 04:41:57.221,47.25,47.19,0.0001,0
27.09.2016 04:44:51.261,47.255,47.195,0.0001,0
27.09.2016 04:44:51.625,47.25,47.19,0.0001,0
27.09.2016 04:45:10.452,47.245,47.185,0.0001,0
27.09.2016 04:45:23.266,47.24,47.18,0.0001,0
27.09.2016 04:46:05.318,47.230000000000004,47.17,0.0001,0
27.09.2016 04:46:26.569,47.225,47.165,0.0001,0
27.09.2016 04:46:27.070,47.230000000000004,47.17,0.0001,0
27.09.2016 04:46:40.928,47.24,47.18,0.0001,0
27.09.2016 04:46:55.307,47.235,47.175000000000004,0.0001,0
27.09.2016 04:47:01.625,47.230000000000004,47.17,0.0001,0
27.09.2016 04:47:23.461,47.235,47.175000000000004,0.0001,0
27.09.2016 04:47:26.464,47.230000000000004,47.17,0.0001,0
27.09.2016 04:47:34.577,47.235,47.175000000000004,0.0001,0
27.09.2016 04:47:36.978,47.230000000000004,47.17,0.0001,0
27.09.2016 04:47:55.806,47.235,47.175000000000004,0.0001,0
27.09.2016 04:48:11.321,47.24,47.18,0.0001,0
27.09.2016 04:48:51.665,47.25,47.19,0.0001,0
27.09.2016 04:50:04.843,47.245,47.185,0.0001,0
27.09.2016 04:50:36.372,47.24,47.18,0.0001,0
27.09.2016 04:50:52.091,47.245,47.185,0.0001,0
27.09.2016 04:54:21.504,47.25,47.19,0.0001,0
27.09.2016 04:54:22.033,47.255,47.195,0.0001,0
27.09.2016 04:54:33.419,47.25,47.19,0.0001,0
27.09.2016 04:55:08.759,47.255,47.195,0.0001,0
27.09.2016 04:55:09.570,47.265,47.205,0.0001,0
27.09.2016 04:55:18.768,47.255,47.195,0.0001,0
27.09.2016 04:55:32.880,47.26,47.2,0.0001,0
27.09.2016 04:55:33.982,47.255,47.195,0.0001,0
27.09.2016 04:56:37.556,47.25,47.19,0.0001,0
27.09.2016 04:57:25.702,47.255,47.195,0.0001,0
27.09.2016 04:59:26.330,47.26,47.2,0.0001,0
27.09.2016 04:59:49.350,47.255,47.195,0.0001,0
27.09.2016 05:01:53.863,47.26,47.2,0.0001,0
27.09.2016 05:02:21.085,47.255,47.195,0.0001,0
27.09.2016 05:02:21.530,47.26,47.2,0.0001,0
27.09.2016 05:02:31.795,47.255,47.195,0.0001,0
27.09.2016 05:02:51.132,47.26,47.2,0.0001,0
27.09.2016 05:03:06.048,47.255,47.195,0.0001,0
27.09.2016 05:11:12.692,47.275,47.175000000000004,0.0001,0
27.09.2016 05:11:41.472,47.255,47.195,0.0001,0
27.09.2016 05:13:16.308,47.26,47.2,0.0001,0
27.09.2016 05:13:32.522,47.255,47.195,0.0001,0
27.09.2016 05:14:10.265,47.245,47.185,0.0001,0
27.09.2016 05:16:18.502,47.235,47.175000000000004,0.0001,0
27.09.2016 05:17:59.297,47.245,47.185,0.0001,0
27.09.2016 05:18:11.307,47.255,47.195,0.0001,0
27.09.2016 05:25:14.000,47.25,47.19,0.0001,0
27.09.2016 05:26:02.557,47.255,47.195,0.0001,0
27.09.2016 05:29:17.975,47.265,47.205,0.0001,0
27.09.2016 05:29:20.329,47.27,47.21,0.0001,0
27.09.2016 05:29:25.032,47.265,47.205,0.0001,0
27.09.2016 05:29:43.660,47.27,47.21,0.0001,0
27.09.2016 05:30:18.305,47.275,47.215,0.0001,0
27.09.2016 05:30:38.016,47.285000000000004,47.225,0.0001,0
27.09.2016 05:30:51.228,47.295,47.235,0.0001,0
27.09.2016 05:32:30.388,47.285000000000004,47.225,0.0001,0
27.09.2016 05:35:49.045,47.28,47.22,0.0001,0
27.09.2016 05:36:34.685,47.275,47.215,0.0001,0
27.09.2016 05:36:50.899,47.27,47.21,0.0001,0
27.09.2016 05:36:51.400,47.265,47.205,0.0001,0
27.09.2016 05:36:52.602,47.26,47.2,0.0001,0
27.09.2016 05:37:04.011,47.255,47.195,0.0001,0
27.09.2016 05:37:41.845,47.25,47.19,0.0001,0
27.09.2016 05:37:56.658,47.255,47.195,0.0001,0
27.09.2016 05:38:35.992,47.25,47.19,0.0001,0
27.09.2016 05:38:36.492,47.255,47.195,0.0001,0
27.09.2016 05:38:49.604,47.25,47.19,0.0001,0
27.09.2016 05:40:33.396,47.255,47.195,0.0001,0
27.09.2016 05:40:36.599,47.26,47.2,0.0001,0
27.09.2016 05:41:10.330,47.265,47.205,0.0001,0
27.09.2016 05:42:07.404,47.275,47.215,0.0001,0
27.09.2016 05:42:10.707,47.27,47.21,0.0001,0
27.09.2016 05:42:29.523,47.265,47.205,0.0001,0
27.09.2016 05:42:48.640,47.26,47.2,0.0001,0
27.09.2016 05:42:57.749,47.25,47.19,0.0001,0
27.09.2016 05:42:58.169,47.255,47.195,0.0001,0
27.09.2016 05:43:08.157,47.25,47.19,0.0001,0
27.09.2016 05:43:19.266,47.245,47.185,0.0001,0
27.09.2016 05:43:57.201,47.24,47.18,0.0001,0
27.09.2016 05:44:02.605,47.245,47.185,0.0001,0
27.09.2016 05:44:15.617,47.24,47.18,0.0001,0
27.09.2016 05:44:27.127,47.225,47.165,0.0001,0
27.09.2016 05:44:35.435,47.230000000000004,47.17,0.0001,0
27.09.2016 05:44:35.936,47.235,47.175000000000004,0.0001,0
27.09.2016 05:44:46.557,47.24,47.18,0.0001,0
27.09.2016 05:44:58.269,47.235,47.175000000000004,0.0001,0
27.09.2016 05:46:35.067,47.230000000000004,47.17,0.0001,0
27.09.2016 05:46:48.380,47.235,47.175000000000004,0.0001,0
27.09.2016 05:47:44.529,47.24,47.18,0.0001,0
27.09.2016 05:48:55.688,47.255,47.175000000000004,0.0001,0
27.09.2016 05:49:00.493,47.265,47.155,0.0001,0
27.09.2016 05:49:12.502,47.24,47.18,0.0001,0
27.09.2016 05:49:48.633,47.245,47.185,0.0001,0
27.09.2016 05:49:56.740,47.24,47.18,0.0001,0
27.09.2016 05:50:25.066,47.245,47.185,0.0001,0
27.09.2016 05:52:04.758,47.24,47.18,0.0001,0
27.09.2016 05:52:26.579,47.235,47.175000000000004,0.0001,0
27.09.2016 05:53:58.475,47.230000000000004,47.17,0.0001,0
27.09.2016 05:54:13.690,47.225,47.165,0.0001,0
27.09.2016 05:54:47.020,47.22,47.160000000000004,0.0001,0
27.09.2016 05:55:14.773,47.225,47.165,0.0001,0
27.09.2016 05:56:34.138,47.235,47.175000000000004,0.0001,0
27.09.2016 05:58:14.224,47.230000000000004,47.17,0.0001,0
27.09.2016 05:58:19.229,47.225,47.165,0.0001,0
27.09.2016 05:58:19.608,47.22,47.160000000000004,0.0001,0
27.09.2016 05:58:22.433,47.225,47.165,0.0001,0
27.09.2016 05:58:34.050,47.22,47.160000000000004,0.0001,0
27.09.2016 05:58:58.571,47.215,47.155,0.0001,0
27.09.2016 05:58:59.042,47.21,47.15,0.0001,0
27.09.2016 05:59:16.786,47.215,47.155,0.0001,0
27.09.2016 05:59:20.790,47.22,47.160000000000004,0.0001,0
27.09.2016 05:59:32.022,47.225,47.165,0.0001,0
27.09.2016 05:59:45.811,47.22,47.160000000000004,0.0001,0
27.09.2016 05:59:59.326,47.215,47.155,0.0001,0
27.09.2016 06:00:14.848,47.22,47.160000000000004,0.0001,0
27.09.2016 06:00:21.056,47.215,47.155,0.0001,0
27.09.2016 06:00:22.307,47.22,47.160000000000004,0.0001,0
27.09.2016 06:00:22.857,47.215,47.155,0.0001,0
27.09.2016 06:00:23.359,47.22,47.160000000000004,0.0001,0
27.09.2016 06:00:36.372,47.215,47.155,0.0001,0
27.09.2016 06:00:50.986,47.225,47.165,0.0001,0
27.09.2016 06:00:56.992,47.235,47.175000000000004,0.0001,0
27.09.2016 06:01:27.125,47.230000000000004,47.17,0.0001,0
27.09.2016 06:01:46.743,47.235,47.175000000000004,0.0001,0
27.09.2016 06:02:04.565,47.230000000000004,47.17,0.0001,0
27.09.2016 06:05:00.862,47.235,47.175000000000004,0.0001,0
27.09.2016 06:06:17.963,47.230000000000004,47.17,0.0001,0
27.09.2016 06:06:18.573,47.235,47.175000000000004,0.0001,0
27.09.2016 06:06:37.718,47.245,47.185,0.0001,0
27.09.2016 06:06:39.192,47.255,47.195,0.0001,0
27.09.2016 06:06:45.404,47.26,47.2,0.0001,0
27.09.2016 06:06:45.805,47.265,47.205,0.0001,0
27.09.2016 06:06:52.914,47.26,47.2,0.0001,0
27.09.2016 06:06:53.415,47.25,47.19,0.0001,0
27.09.2016 06:06:54.316,47.255,47.195,0.0001,0
27.09.2016 06:07:13.846,47.25,47.19,0.0001,0
27.09.2016 06:07:38.668,47.255,47.195,0.0001,0
27.09.2016 06:07:52.587,47.25,47.19,0.0001,0
27.09.2016 06:08:50.295,47.24,47.18,0.0001,0
27.09.2016 06:08:53.095,47.245,47.185,0.0001,0
27.09.2016 06:09:04.506,47.24,47.18,0.0001,0
27.09.2016 06:09:35.542,47.24,47.165,0.0001,0
27.09.2016 06:10:13.491,47.245,47.165,0.0001,0
27.09.2016 06:10:19.487,47.24,47.175000000000004,0.0001,0
27.09.2016 06:10:30.902,47.24,47.165,0.0001,0
27.09.2016 06:13:13.978,47.235,47.165,0.0001,0
27.09.2016 06:13:26.992,47.230000000000004,47.155,0.0001,0
27.09.2016 06:13:54.626,47.235,47.165,0.0001,0
27.09.2016 06:14:32.762,47.225,47.155,0.0001,0
27.09.2016 06:16:45.348,47.22,47.145,0.0001,0
27.09.2016 06:16:55.135,47.215,47.145,0.0001,0
27.09.2016 06:16:55.253,47.21,47.135,0.0001,0
27.09.2016 06:17:02.866,47.215,47.145,0.0001,0
27.09.2016 06:17:07.370,47.21,47.135,0.0001,0
27.09.2016 06:17:07.671,47.21,47.145,0.0001,0
27.09.2016 06:17:09.072,47.215,47.135,0.0001,0
27.09.2016 06:17:13.476,47.215,47.145,0.0001,0
27.09.2016 06:17:13.677,47.21,47.135,0.0001,0
27.09.2016 06:17:14.878,47.21,47.145,0.0001,0
27.09.2016 06:17:15.078,47.21,47.135,0.0001,0
27.09.2016 06:17:18.631,47.215,47.145,0.0001,0
27.09.2016 06:17:28.692,47.205,47.135,0.0001,0
27.09.2016 06:18:00.022,47.205,47.145,0.0001,0
27.09.2016 06:18:00.630,47.215,47.155,0.0001,0
27.09.2016 06:18:03.925,47.21,47.15,0.0001,0
27.09.2016 06:18:21.480,47.205,47.145,0.0001,0
27.09.2016 06:18:33.453,47.2,47.14,0.0001,0
27.09.2016 06:18:37.049,47.19,47.13,0.0001,0
27.09.2016 06:18:47.887,47.18,47.12,0.0001,0
27.09.2016 06:19:00.478,47.165,47.105000000000004,0.0001,0
27.09.2016 06:19:07.189,47.17,47.11,0.0001,0
27.09.2016 06:19:18.712,47.175000000000004,47.115,0.0001,0
27.09.2016 06:19:26.810,47.17,47.11,0.0001,0
27.09.2016 06:19:40.224,47.175000000000004,47.115,0.0001,0
27.09.2016 06:20:00.863,47.185,47.125,0.0001,0
27.09.2016 06:20:08.972,47.18,47.12,0.0001,0
27.09.2016 06:20:19.684,47.175000000000004,47.115,0.0001,0
27.09.2016 06:21:06.328,47.17,47.11,0.0001,0
27.09.2016 06:21:32.854,47.165,47.105000000000004,0.0001,0
27.09.2016 06:21:58.695,47.17,47.11,0.0001,0
27.09.2016 06:23:10.381,47.165,47.105000000000004,0.0001,0
27.09.2016 06:23:54.725,47.17,47.11,0.0001,0
27.09.2016 06:23:55.119,47.175000000000004,47.115,0.0001,0
27.09.2016 06:24:09.640,47.18,47.12,0.0001,0
27.09.2016 06:24:53.783,47.175000000000004,47.115,0.0001,0
27.09.2016 06:25:04.409,47.18,47.12,0.0001,0
27.09.2016 06:26:50.330,47.205,47.095,0.0001,0
27.09.2016 06:26:50.830,47.18,47.12,0.0001,0
27.09.2016 06:27:03.243,47.19,47.13,0.0001,0
27.09.2016 06:30:46.883,47.185,47.125,0.0001,0
27.09.2016 06:31:02.294,47.18,47.12,0.0001,0
27.09.2016 06:32:09.861,47.175000000000004,47.115,0.0001,0
27.09.2016 06:32:28.691,47.18,47.12,0.0001,0
27.09.2016 06:33:07.034,47.175000000000004,47.115,0.0001,0
27.09.2016 06:33:07.335,47.19,47.13,0.0001,0
27.09.2016 06:33:08.536,47.195,47.135,0.0001,0
27.09.2016 06:33:20.291,47.2,47.14,0.0001,0
27.09.2016 06:33:48.392,47.195,47.135,0.0001,0
27.09.2016 06:33:54.708,47.19,47.13,0.0001,0
27.09.2016 06:33:55.049,47.185,47.125,0.0001,0
27.09.2016 06:34:00.816,47.175000000000004,47.115,0.0001,0
27.09.2016 06:34:03.819,47.18,47.12,0.0001,0
27.09.2016 06:34:10.058,47.185,47.125,0.0001,0
27.09.2016 06:34:21.878,47.18,47.12,0.0001,0
27.09.2016 06:34:39.458,47.185,47.125,0.0001,0
27.09.2016 06:34:49.270,47.19,47.13,0.0001,0
27.09.2016 06:34:53.881,47.2,47.14,0.0001,0
27.09.2016 06:34:54.577,47.205,47.145,0.0001,0
27.09.2016 06:35:00.884,47.2,47.14,0.0001,0
27.09.2016 06:35:11.301,47.205,47.145,0.0001,0
27.09.2016 06:35:22.310,47.2,47.14,0.0001,0
27.09.2016 06:35:33.223,47.205,47.145,0.0001,0
27.09.2016 06:36:02.578,47.2,47.14,0.0001,0
27.09.2016 06:36:37.741,47.21,47.15,0.0001,0
27.09.2016 06:37:35.008,47.205,47.145,0.0001,0
27.09.2016 06:37:35.481,47.2,47.14,0.0001,0
27.09.2016 06:37:46.436,47.21,47.15,0.0001,0
27.09.2016 06:37:56.242,47.205,47.145,0.0001,0
27.09.2016 06:38:20.763,47.2,47.14,0.0001,0
27.09.2016 06:40:38.644,47.205,47.145,0.0001,0
27.09.2016 06:41:10.767,47.2,47.14,0.0001,0
27.09.2016 06:43:05.002,47.205,47.145,0.0001,0
27.09.2016 06:43:23.520,47.2,47.14,0.0001,0
27.09.2016 06:44:07.080,47.205,47.145,0.0001,0
27.09.2016 06:44:42.114,47.2,47.14,0.0001,0
27.09.2016 06:45:31.962,47.205,47.145,0.0001,0
27.09.2016 06:46:12.200,47.21,47.15,0.0001,0
27.09.2016 06:49:02.182,47.215,47.155,0.0001,0
27.09.2016 06:49:43.426,47.21,47.15,0.0001,0
27.09.2016 06:50:05.359,47.215,47.155,0.0001,0
27.09.2016 06:50:15.117,47.21,47.15,0.0001,0
27.09.2016 06:50:30.302,47.22,47.160000000000004,0.0001,0
27.09.2016 06:52:00.499,47.225,47.165,0.0001,0
27.09.2016 06:52:13.415,47.230000000000004,47.17,0.0001,0
27.09.2016 06:52:22.430,47.235,47.175000000000004,0.0001,0
27.09.2016 06:53:30.097,47.24,47.18,0.0001,0
27.09.2016 06:53:45.419,47.230000000000004,47.17,0.0001,0
27.09.2016 06:54:12.047,47.22,47.160000000000004,0.0001,0
27.09.2016 06:54:15.951,47.225,47.165,0.0001,0
27.09.2016 06:54:29.664,47.230000000000004,47.17,0.0001,0
27.09.2016 06:54:30.165,47.225,47.165,0.0001,0
27.09.2016 06:54:38.181,47.205,47.145,0.0001,0
27.09.2016 06:54:53.593,47.2,47.14,0.0001,0
27.09.2016 06:54:58.531,47.205,47.145,0.0001,0
27.09.2016 06:55:01.227,47.2,47.14,0.0001,0
27.09.2016 06:55:15.146,47.21,47.15,0.0001,0
27.09.2016 06:55:15.800,47.205,47.145,0.0001,0
27.09.2016 06:55:36.664,47.2,47.14,0.0001,0
27.09.2016 06:55:44.571,47.205,47.145,0.0001,0
27.09.2016 06:57:20.530,47.21,47.15,0.0001,0
27.09.2016 06:57:22.679,47.205,47.145,0.0001,0
27.09.2016 06:58:06.843,47.21,47.15,0.0001,0
27.09.2016 06:58:36.171,47.205,47.145,0.0001,0
27.09.2016 06:58:37.598,47.21,47.15,0.0001,0
27.09.2016 06:58:38.473,47.195,47.135,0.0001,0
27.09.2016 06:58:43.278,47.2,47.14,0.0001,0
27.09.2016 06:58:43.632,47.205,47.145,0.0001,0
27.09.2016 06:58:57.217,47.21,47.15,0.0001,0
27.09.2016 06:59:19.465,47.235,47.125,0.0001,0
27.09.2016 06:59:32.930,47.21,47.15,0.0001,0
27.09.2016 06:59:47.548,47.215,47.155,0.0001,0
27.09.2016 07:00:00.266,47.21,47.15,0.0001,0
27.09.2016 07:00:00.403,47.225,47.135,0.0001,0
27.09.2016 07:00:00.969,47.21,47.15,0.0001,0
27.09.2016 07:00:02.776,47.22,47.160000000000004,0.0001,0
27.09.2016 07:01:10.084,47.225,47.165,0.0001,0
27.09.2016 07:01:40.733,47.22,47.160000000000004,0.0001,0
27.09.2016 07:02:11.189,47.21,47.15,0.0001,0
27.09.2016 07:04:06.603,47.205,47.145,0.0001,0
27.09.2016 07:04:07.103,47.195,47.135,0.0001,0
27.09.2016 07:04:30.449,47.21,47.15,0.0001,0
27.09.2016 07:04:36.561,47.205,47.145,0.0001,0
27.09.2016 07:04:51.093,47.215,47.135,0.0001,0
27.09.2016 07:04:51.995,47.205,47.145,0.0001,0
27.09.2016 07:05:08.977,47.195,47.135,0.0001,0
27.09.2016 07:05:09.308,47.205,47.145,0.0001,0
27.09.2016 07:05:09.639,47.2,47.14,0.0001,0
27.09.2016 07:05:12.535,47.195,47.135,0.0001,0
27.09.2016 07:05:14.537,47.2,47.14,0.0001,0
27.09.2016 07:05:20.546,47.195,47.135,0.0001,0
27.09.2016 07:05:33.285,47.2,47.14,0.0001,0
27.09.2016 07:05:40.377,47.19,47.13,0.0001,0
27.09.2016 07:06:29.154,47.195,47.135,0.0001,0
27.09.2016 07:06:44.277,47.185,47.125,0.0001,0
27.09.2016 07:06:59.704,47.19,47.13,0.0001,0
27.09.2016 07:07:04.913,47.185,47.125,0.0001,0
27.09.2016 07:07:17.237,47.19,47.13,0.0001,0
27.09.2016 07:09:55.290,47.185,47.125,0.0001,0
27.09.2016 07:10:16.935,47.18,47.12,0.0001,0
27.09.2016 07:10:25.047,47.155,47.095,0.0001,0
27.09.2016 07:10:25.553,47.145,47.085,0.0001,0
27.09.2016 07:10:26.149,47.135,47.075,0.0001,0
27.09.2016 07:10:26.450,47.145,47.085,0.0001,0
27.09.2016 07:10:26.941,47.14,47.08,0.0001,0
27.09.2016 07:10:29.255,47.13,47.07,0.0001,0
27.09.2016 07:10:29.556,47.125,47.065,0.0001,0
27.09.2016 07:10:38.165,47.135,47.075,0.0001,0
27.09.2016 07:10:48.477,47.14,47.08,0.0001,0
27.09.2016 07:10:54.183,47.145,47.085,0.0001,0
27.09.2016 07:10:55.385,47.14,47.08,0.0001,0
27.09.2016 07:10:55.786,47.135,47.075,0.0001,0
27.09.2016 07:10:57.992,47.14,47.08,0.0001,0
27.09.2016 07:10:59.192,47.145,47.085,0.0001,0
27.09.2016 07:11:02.297,47.14,47.08,0.0001,0
27.09.2016 07:11:10.306,47.145,47.085,0.0001,0
27.09.2016 07:11:14.912,47.14,47.08,0.0001,0
27.09.2016 07:11:16.116,47.145,47.085,0.0001,0
27.09.2016 07:11:27.928,47.14,47.08,0.0001,0
27.09.2016 07:11:28.529,47.135,47.075,0.0001,0
27.09.2016 07:11:37.046,47.14,47.08,0.0001,0
27.09.2016 07:11:37.574,47.145,47.085,0.0001,0
27.09.2016 07:11:43.854,47.14,47.08,0.0001,0
27.09.2016 07:12:04.878,47.145,47.085,0.0001,0
27.09.2016 07:12:15.801,47.135,47.075,0.0001,0
27.09.2016 07:12:18.396,47.14,47.08,0.0001,0
27.09.2016 07:12:30.211,47.145,47.085,0.0001,0
27.09.2016 07:12:55.353,47.15,47.09,0.0001,0
27.09.2016 07:13:31.562,47.155,47.095,0.0001,0
27.09.2016 07:13:39.273,47.165,47.105000000000004,0.0001,0
27.09.2016 07:13:41.376,47.17,47.11,0.0001,0
27.09.2016 07:13:55.393,47.175000000000004,47.115,0.0001,0
27.09.2016 07:14:11.915,47.18,47.12,0.0001,0
27.09.2016 07:14:12.262,47.185,47.125,0.0001,0
27.09.2016 07:14:12.735,47.175000000000004,47.115,0.0001,0
27.09.2016 07:14:56.664,47.18,47.12,0.0001,0
27.09.2016 07:15:02.475,47.19,47.13,0.0001,0
27.09.2016 07:15:06.080,47.2,47.14,0.0001,0
27.09.2016 07:15:09.892,47.21,47.15,0.0001,0
27.09.2016 07:15:10.885,47.205,47.145,0.0001,0
27.09.2016 07:15:12.688,47.215,47.155,0.0001,0
27.09.2016 07:15:14.091,47.22,47.160000000000004,0.0001,0
27.09.2016 07:15:21.403,47.215,47.155,0.0001,0
27.09.2016 07:15:22.304,47.225,47.165,0.0001,0
27.09.2016 07:15:25.110,47.215,47.155,0.0001,0
27.09.2016 07:15:26.309,47.21,47.15,0.0001,0
27.09.2016 07:15:26.797,47.205,47.145,0.0001,0
27.09.2016 07:15:36.129,47.195,47.135,0.0001,0
27.09.2016 07:15:52.760,47.2,47.14,0.0001,0
27.09.2016 07:15:53.460,47.21,47.15,0.0001,0
27.09.2016 07:16:03.772,47.215,47.155,0.0001,0
27.09.2016 07:16:21.189,47.2,47.14,0.0001,0
27.09.2016 07:16:32.302,47.205,47.145,0.0001,0
27.09.2016 07:17:02.401,47.2,47.14,0.0001,0
27.09.2016 07:17:08.385,47.195,47.135,0.0001,0
27.09.2016 07:17:21.561,47.2,47.14,0.0001,0
27.09.2016 07:17:42.288,47.19,47.13,0.0001,0
27.09.2016 07:17:53.505,47.18,47.12,0.0001,0
27.09.2016 07:18:00.815,47.185,47.125,0.0001,0
27.09.2016 07:18:12.632,47.19,47.13,0.0001,0
27.09.2016 07:18:13.033,47.18,47.12,0.0001,0
27.09.2016 07:18:19.962,47.175000000000004,47.115,0.0001,0
27.09.2016 07:18:21.743,47.18,47.12,0.0001,0
27.09.2016 07:18:35.692,47.165,47.105000000000004,0.0001,0
27.09.2016 07:18:44.077,47.175000000000004,47.115,0.0001,0
27.09.2016 07:18:46.180,47.18,47.12,0.0001,0
27.09.2016 07:19:04.450,47.19,47.13,0.0001,0
27.09.2016 07:19:53.426,47.175000000000004,47.115,0.0001,0
27.09.2016 07:21:46.865,47.18,47.12,0.0001,0
27.09.2016 07:21:54.083,47.185,47.125,0.0001,0
27.09.2016 07:22:04.940,47.195,47.135,0.0001,0
27.09.2016 07:22:23.326,47.19,47.13,0.0001,0
27.09.2016 07:22:43.108,47.195,47.135,0.0001,0
27.09.2016 07:23:11.933,47.19,47.13,0.0001,0
27.09.2016 07:23:39.829,47.185,47.125,0.0001,0
27.09.2016 07:23:48.762,47.19,47.13,0.0001,0
27.09.2016 07:24:30.551,47.185,47.125,0.0001,0
27.09.2016 07:24:40.750,47.18,47.12,0.0001,0
27.09.2016 07:25:30.208,47.185,47.125,0.0001,0
27.09.2016 07:25:55.858,47.18,47.12,0.0001,0
27.09.2016 07:27:12.865,47.185,47.125,0.0001,0
27.09.2016 07:27:13.209,47.19,47.13,0.0001,0
27.09.2016 07:27:13.819,47.195,47.135,0.0001,0
27.09.2016 07:27:57.621,47.2,47.14,0.0001,0
27.09.2016 07:28:07.739,47.195,47.135,0.0001,0
27.09.2016 07:28:46.512,47.19,47.13,0.0001,0
27.09.2016 07:28:59.104,47.195,47.135,0.0001,0
27.09.2016 07:29:14.841,47.185,47.125,0.0001,0
27.09.2016 07:29:23.150,47.195,47.135,0.0001,0
27.09.2016 07:29:32.682,47.2,47.14,0.0001,0
27.09.2016 07:29:39.293,47.205,47.145,0.0001,0
27.09.2016 07:29:46.584,47.21,47.15,0.0001,0
27.09.2016 07:29:47.085,47.195,47.135,0.0001,0
27.09.2016 07:29:56.512,47.18,47.12,0.0001,0
27.09.2016 07:30:01.825,47.17,47.11,0.0001,0
27.09.2016 07:30:03.007,47.165,47.105000000000004,0.0001,0
27.09.2016 07:30:10.216,47.155,47.095,0.0001,0
27.09.2016 07:30:10.523,47.160000000000004,47.1,0.0001,0
27.09.2016 07:30:25.933,47.165,47.105000000000004,0.0001,0
27.09.2016 07:30:57.688,47.17,47.11,0.0001,0
27.09.2016 07:31:07.808,47.165,47.105000000000004,0.0001,0
27.09.2016 07:31:19.997,47.160000000000004,47.1,0.0001,0
27.09.2016 07:31:33.146,47.155,47.095,0.0001,0
27.09.2016 07:31:55.383,47.160000000000004,47.1,0.0001,0
27.09.2016 07:32:13.080,47.155,47.095,0.0001,0
27.09.2016 07:34:32.881,47.165,47.105000000000004,0.0001,0
27.09.2016 07:34:48.425,47.160000000000004,47.1,0.0001,0
27.09.2016 07:34:58.808,47.155,47.095,0.0001,0
27.09.2016 07:35:41.171,47.145,47.085,0.0001,0
27.09.2016 07:35:43.875,47.15,47.09,0.0001,0
27.09.2016 07:35:54.787,47.145,47.085,0.0001,0
27.09.2016 07:36:02.413,47.14,47.08,0.0001,0
27.09.2016 07:36:07.024,47.145,47.085,0.0001,0
27.09.2016 07:36:16.431,47.14,47.08,0.0001,0
27.09.2016 07:36:26.546,47.145,47.085,0.0001,0
27.09.2016 07:36:27.088,47.14,47.08,0.0001,0
27.09.2016 07:36:28.550,47.145,47.085,0.0001,0
27.09.2016 07:36:43.482,47.14,47.08,0.0001,0
27.09.2016 07:37:08.296,47.145,47.085,0.0001,0
27.09.2016 07:37:08.627,47.14,47.08,0.0001,0
27.09.2016 07:38:06.655,47.135,47.075,0.0001,0
27.09.2016 07:38:07.242,47.13,47.07,0.0001,0
27.09.2016 07:38:19.270,47.125,47.065,0.0001,0
27.09.2016 07:38:31.985,47.13,47.07,0.0001,0
27.09.2016 07:39:10.156,47.115,47.055,0.0001,0
27.09.2016 07:39:11.158,47.105000000000004,47.045,0.0001,0
27.09.2016 07:39:15.264,47.11,47.050000000000004,0.0001,0
27.09.2016 07:39:19.871,47.115,47.055,0.0001,0
27.09.2016 07:39:34.131,47.12,47.06,0.0001,0
27.09.2016 07:39:54.611,47.115,47.055,0.0001,0
27.09.2016 07:40:19.559,47.11,47.050000000000004,0.0001,0
27.09.2016 07:40:24.865,47.095,47.035000000000004,0.0001,0
27.09.2016 07:40:25.288,47.105000000000004,47.045,0.0001,0
27.09.2016 07:40:34.782,47.1,47.04,0.0001,0
27.09.2016 07:40:35.082,47.105000000000004,47.045,0.0001,0
27.09.2016 07:40:35.617,47.1,47.04,0.0001,0
27.09.2016 07:40:37.391,47.105000000000004,47.045,0.0001,0
27.09.2016 07:40:37.991,47.1,47.04,0.0001,0
27.09.2016 07:40:40.494,47.09,47.03,0.0001,0
27.09.2016 07:40:40.810,47.085,47.025,0.0001,0
27.09.2016 07:40:46.259,47.07,47.01,0.0001,0
27.09.2016 07:40:46.593,47.075,47.015,0.0001,0
27.09.2016 07:40:46.922,47.07,47.01,0.0001,0
27.09.2016 07:40:49.317,47.075,47.015,0.0001,0
27.09.2016 07:40:50.410,47.085,47.025,0.0001,0
27.09.2016 07:40:50.713,47.08,47.02,0.0001,0
27.09.2016 07:40:52.223,47.075,47.015,0.0001,0
27.09.2016 07:41:02.726,47.085,47.025,0.0001,0
27.09.2016 07:41:05.229,47.09,47.03,0.0001,0
27.09.2016 07:41:05.630,47.095,47.035000000000004,0.0001,0
27.09.2016 07:41:06.131,47.085,47.025,0.0001,0
27.09.2016 07:41:11.236,47.09,47.03,0.0001,0
27.09.2016 07:41:20.444,47.095,47.035000000000004,0.0001,0
27.09.2016 07:41:26.150,47.1,47.04,0.0001,0
27.09.2016 07:41:29.769,47.105000000000004,47.045,0.0001,0
27.09.2016 07:41:34.461,47.095,47.035000000000004,0.0001,0
27.09.2016 07:41:47.576,47.1,47.04,0.0001,0
27.09.2016 07:41:53.586,47.1,47.025,0.0001,0
27.09.2016 07:42:01.734,47.085,47.015,0.0001,0
27.09.2016 07:42:06.313,47.08,47.005,0.0001,0
27.09.2016 07:42:15.484,47.085,47.025,0.0001,0
27.09.2016 07:42:15.854,47.095,47.035000000000004,0.0001,0
27.09.2016 07:42:22.745,47.085,47.025,0.0001,0
27.09.2016 07:42:40.682,47.075,47.015,0.0001,0
27.09.2016 07:42:53.599,47.085,47.005,0.0001,0
27.09.2016 07:42:55.803,47.075,47.015,0.0001,0
27.09.2016 07:42:58.509,47.07,47.01,0.0001,0
27.09.2016 07:43:00.012,47.065,47.005,0.0001,0
27.09.2016 07:43:00.323,47.07,47.01,0.0001,0
27.09.2016 07:43:11.262,47.075,47.015,0.0001,0
27.09.2016 07:43:14.843,47.08,47.02,0.0001,0
27.09.2016 07:43:15.644,47.09,47.03,0.0001,0
27.09.2016 07:43:16.198,47.095,47.035000000000004,0.0001,0
27.09.2016 07:43:26.862,47.09,47.03,0.0001,0
27.09.2016 07:43:29.765,47.105000000000004,47.045,0.0001,0
27.09.2016 07:43:38.276,47.1,47.04,0.0001,0
27.09.2016 07:43:47.159,47.09,47.03,0.0001,0
27.09.2016 07:43:55.797,47.1,47.04,0.0001,0
27.09.2016 07:43:58.900,47.095,47.035000000000004,0.0001,0
27.09.2016 07:45:04.894,47.085,47.025,0.0001,0
27.09.2016 07:45:05.595,47.09,47.03,0.0001,0
27.09.2016 07:45:18.259,47.085,47.025,0.0001,0
27.09.2016 07:45:27.032,47.08,47.02,0.0001,0
27.09.2016 07:45:27.422,47.075,47.015,0.0001,0
27.09.2016 07:45:27.753,47.085,47.025,0.0001,0
27.09.2016 07:45:30.237,47.075,47.015,0.0001,0
27.09.2016 07:45:30.722,47.08,47.02,0.0001,0
27.09.2016 07:45:32.753,47.075,47.015,0.0001,0
27.09.2016 07:45:40.854,47.065,47.005,0.0001,0
27.09.2016 07:45:52.201,47.06,47,0.0001,0
27.09.2016 07:45:52.534,47.07,47.01,0.0001,0
27.09.2016 07:46:03.386,47.065,47.005,0.0001,0
27.09.2016 07:47:10.075,47.06,47,0.0001,0
27.09.2016 07:47:30.404,47.075,47.015,0.0001,0
27.09.2016 07:47:30.866,47.065,47.005,0.0001,0
27.09.2016 07:47:45.896,47.075,47.015,0.0001,0
27.09.2016 07:47:50.054,47.07,47.01,0.0001,0
27.09.2016 07:48:04.983,47.065,47.005,0.0001,0
27.09.2016 07:48:12.581,47.07,47.01,0.0001,0
27.09.2016 07:48:27.796,47.065,47.005,0.0001,0
27.09.2016 07:49:47.995,47.07,47.01,0.0001,0
27.09.2016 07:49:58.907,47.075,47.015,0.0001,0
27.09.2016 07:50:27.456,47.065,47.005,0.0001,0
27.09.2016 07:50:31.160,47.075,47.015,0.0001,0
27.09.2016 07:50:32.462,47.065,47.005,0.0001,0
27.09.2016 07:50:49.290,47.050000000000004,46.99,0.0001,0
27.09.2016 07:50:49.992,47.045,46.985,0.0001,0
27.09.2016 07:51:16.674,47.055,46.995,0.0001,0
27.09.2016 07:51:53.127,47.045,46.985,0.0001,0
27.09.2016 07:51:54.514,47.050000000000004,46.99,0.0001,0
27.09.2016 07:52:03.007,47.025,46.965,0.0001,0
27.09.2016 07:52:03.369,47.02,46.96,0.0001,0
27.09.2016 07:52:03.700,47.035000000000004,46.975,0.0001,0
27.09.2016 07:52:04.012,47.025,46.965,0.0001,0
27.09.2016 07:52:05.959,47.02,46.96,0.0001,0
27.09.2016 07:52:16.829,47.035000000000004,46.975,0.0001,0
27.09.2016 07:52:19.168,47.03,46.97,0.0001,0
27.09.2016 07:52:23.147,47.025,46.965,0.0001,0
27.09.2016 07:52:41.067,47.03,46.97,0.0001,0
27.09.2016 07:52:45.867,47.035000000000004,46.975,0.0001,0
27.09.2016 07:52:46.768,47.025,46.965,0.0001,0
27.09.2016 07:52:51.173,47.03,46.97,0.0001,0
27.09.2016 07:52:55.977,47.045,46.985,0.0001,0
27.09.2016 07:53:11.599,47.055,46.995,0.0001,0
27.09.2016 07:53:43.939,47.06,47,0.0001,0
27.09.2016 07:53:57.253,47.055,46.995,0.0001,0
27.09.2016 07:54:46.539,47.050000000000004,46.99,0.0001,0
27.09.2016 07:55:00.057,47.055,46.995,0.0001,0
27.09.2016 07:55:05.068,47.06,47,0.0001,0
27.09.2016 07:55:18.098,47.065,47.005,0.0001,0
27.09.2016 07:55:22.453,47.06,47,0.0001,0
27.09.2016 07:55:23.115,47.065,47.005,0.0001,0
27.09.2016 07:55:29.616,47.06,47,0.0001,0
27.09.2016 07:55:36.826,47.055,46.995,0.0001,0
27.09.2016 07:55:37.828,47.06,47,0.0001,0
27.09.2016 07:55:39.431,47.065,47.005,0.0001,0
27.09.2016 07:55:41.836,47.06,47,0.0001,0
27.09.2016 07:55:55.058,47.065,47.005,0.0001,0
27.09.2016 07:56:13.187,47.075,47.015,0.0001,0
27.09.2016 07:56:22.329,47.08,47.02,0.0001,0
27.09.2016 07:56:41.930,47.09,47.03,0.0001,0
27.09.2016 07:57:07.072,47.085,47.025,0.0001,0
27.09.2016 07:57:13.781,47.09,47.03,0.0001,0
27.09.2016 07:57:17.928,47.095,47.035000000000004,0.0001,0
27.09.2016 07:57:27.209,47.09,47.03,0.0001,0
27.09.2016 07:57:33.511,47.085,47.025,0.0001,0
27.09.2016 07:57:37.014,47.09,47.03,0.0001,0
27.09.2016 07:57:40.136,47.095,47.035000000000004,0.0001,0
27.09.2016 07:57:49.844,47.09,47.03,0.0001,0
27.09.2016 07:57:59.486,47.095,47.035000000000004,0.0001,0
27.09.2016 07:58:00.252,47.085,47.025,0.0001,0
27.09.2016 07:58:00.799,47.09,47.03,0.0001,0
27.09.2016 07:58:05.775,47.095,47.035000000000004,0.0001,0
27.09.2016 07:58:07.504,47.1,47.04,0.0001,0
27.09.2016 07:58:21.308,47.095,47.035000000000004,0.0001,0
27.09.2016 07:58:21.941,47.1,47.04,0.0001,0
27.09.2016 07:58:32.238,47.105000000000004,47.045,0.0001,0
27.09.2016 07:58:46.768,47.095,47.035000000000004,0.0001,0
27.09.2016 07:59:02.500,47.09,47.03,0.0001,0
27.09.2016 07:59:14.521,47.085,47.025,0.0001,0
27.09.2016 07:59:14.865,47.08,47.02,0.0001,0
27.09.2016 07:59:15.323,47.085,47.025,0.0001,0
27.09.2016 07:59:18.229,47.08,47.02,0.0001,0
27.09.2016 07:59:27.344,47.085,47.025,0.0001,0
27.09.2016 07:59:27.861,47.08,47.02,0.0001,0
27.09.2016 07:59:40.874,47.085,47.025,0.0001,0
27.09.2016 07:59:54.611,47.08,47.02,0.0001,0
27.09.2016 07:59:54.944,47.085,47.025,0.0001,0
27.09.2016 07:59:55.424,47.08,47.02,0.0001,0
27.09.2016 07:59:58.723,47.085,47.025,0.0001,0
27.09.2016 07:59:59.471,47.08,47.02,0.0001,0
27.09.2016 08:00:00.330,47.085,47.025,0.0001,0
27.09.2016 08:00:01.134,47.075,47.015,0.0001,0
27.09.2016 08:00:03.550,47.06,47,0.0001,0
27.09.2016 08:00:04.044,47.055,46.995,0.0001,0
27.09.2016 08:00:05.226,47.06,47,0.0001,0
27.09.2016 08:00:14.147,47.065,47.005,0.0001,0
27.09.2016 08:00:14.666,47.055,46.995,0.0001,0
27.09.2016 08:00:15.091,47.050000000000004,46.99,0.0001,0
27.09.2016 08:00:15.426,47.04,46.980000000000004,0.0001,0
27.09.2016 08:00:16.160,47.03,46.97,0.0001,0
27.09.2016 08:00:16.761,47.035000000000004,46.975,0.0001,0
27.09.2016 08:00:17.787,47.03,46.97,0.0001,0
27.09.2016 08:00:18.267,47.025,46.965,0.0001,0
27.09.2016 08:00:20.175,47.03,46.97,0.0001,0
27.09.2016 08:00:23.087,47.04,46.980000000000004,0.0001,0
27.09.2016 08:00:24.299,47.045,46.985,0.0001,0
27.09.2016 08:00:27.604,47.04,46.980000000000004,0.0001,0
27.09.2016 08:00:31.621,47.050000000000004,46.99,0.0001,0
27.09.2016 08:00:36.441,47.055,46.995,0.0001,0
27.09.2016 08:00:39.851,47.050000000000004,46.99,0.0001,0
27.09.2016 08:00:40.160,47.055,46.995,0.0001,0
27.09.2016 08:00:44.465,47.050000000000004,46.99,0.0001,0
27.09.2016 08:00:46.872,47.045,46.985,0.0001,0
27.09.2016 08:00:47.356,47.04,46.980000000000004,0.0001,0
27.09.2016 08:00:48.079,47.045,46.985,0.0001,0
27.09.2016 08:00:48.480,47.04,46.980000000000004,0.0001,0
27.09.2016 08:00:50.011,47.045,46.985,0.0001,0
27.09.2016 08:00:50.342,47.04,46.980000000000004,0.0001,0
27.09.2016 08:00:54.747,47.045,46.985,0.0001,0
27.09.2016 08:00:55.407,47.04,46.980000000000004,0.0001,0
27.09.2016 08:00:56.071,47.045,46.985,0.0001,0
27.09.2016 08:00:56.510,47.035000000000004,46.975,0.0001,0
27.09.2016 08:00:57.011,47.04,46.980000000000004,0.0001,0
27.09.2016 08:00:57.341,47.035000000000004,46.975,0.0001,0
27.09.2016 08:01:01.130,47.045,46.985,0.0001,0
27.09.2016 08:01:01.460,47.04,46.980000000000004,0.0001,0
27.09.2016 08:01:02.000,47.045,46.985,0.0001,0
27.09.2016 08:01:04.844,47.050000000000004,46.99,0.0001,0
27.09.2016 08:01:05.301,47.045,46.985,0.0001,0
27.09.2016 08:01:05.950,47.050000000000004,46.99,0.0001,0
27.09.2016 08:01:06.291,47.045,46.985,0.0001,0
27.09.2016 08:01:07.154,47.050000000000004,46.99,0.0001,0
27.09.2016 08:01:08.661,47.04,46.980000000000004,0.0001,0
27.09.2016 08:01:19.998,47.035000000000004,46.975,0.0001,0
27.09.2016 08:01:24.013,47.025,46.965,0.0001,0
27.09.2016 08:01:24.516,47.02,46.96,0.0001,0
27.09.2016 08:01:26.629,47.025,46.965,0.0001,0
27.09.2016 08:01:26.962,47.02,46.96,0.0001,0
27.09.2016 08:01:27.430,47.01,46.95,0.0001,0
27.09.2016 08:01:28.736,46.99,46.93,0.0001,0
27.09.2016 08:01:29.138,46.975,46.915,0.0001,0
27.09.2016 08:01:30.188,46.965,46.905,0.0001,0
27.09.2016 08:01:32.698,46.975,46.915,0.0001,0
27.09.2016 08:01:33.554,46.96,46.9,0.0001,0
27.09.2016 08:01:35.060,46.975,46.915,0.0001,0
27.09.2016 08:01:36.362,46.965,46.905,0.0001,0
27.09.2016 08:01:36.673,46.97,46.910000000000004,0.0001,0
27.09.2016 08:01:37.467,46.965,46.905,0.0001,0
27.09.2016 08:01:38.215,46.955,46.895,0.0001,0
27.09.2016 08:01:38.571,46.965,46.905,0.0001,0
27.09.2016 08:01:39.577,46.955,46.895,0.0001,0
27.09.2016 08:01:40.107,46.96,46.9,0.0001,0
27.09.2016 08:01:40.633,46.965,46.905,0.0001,0
27.09.2016 08:01:40.963,46.955,46.895,0.0001,0
27.09.2016 08:01:41.385,46.96,46.9,0.0001,0
27.09.2016 08:01:41.786,46.945,46.885,0.0001,0
27.09.2016 08:01:42.289,46.95,46.89,0.0001,0
27.09.2016 08:01:43.396,46.955,46.895,0.0001,0
27.09.2016 08:01:43.956,46.95,46.89,0.0001,0
27.09.2016 08:01:46.029,46.955,46.895,0.0001,0
27.09.2016 08:01:50.677,46.95,46.89,0.0001,0
27.09.2016 08:01:52.781,46.945,46.885,0.0001,0
27.09.2016 08:01:53.268,46.955,46.895,0.0001,0
27.09.2016 08:01:54.662,46.95,46.89,0.0001,0
27.09.2016 08:01:54.992,46.955,46.895,0.0001,0
27.09.2016 08:01:56.669,46.95,46.89,0.0001,0
27.09.2016 08:01:56.970,46.945,46.885,0.0001,0
27.09.2016 08:02:00.021,46.95,46.89,0.0001,0
27.09.2016 08:02:01.284,46.955,46.895,0.0001,0
27.09.2016 08:02:02.389,46.95,46.89,0.0001,0
27.09.2016 08:02:02.993,46.965,46.905,0.0001,0
27.09.2016 08:02:05.407,46.955,46.895,0.0001,0
27.09.2016 08:02:08.527,46.96,46.9,0.0001,0
27.09.2016 08:02:14.938,46.965,46.905,0.0001,0
27.09.2016 08:02:18.491,46.97,46.910000000000004,0.0001,0
27.09.2016 08:02:19.362,46.975,46.915,0.0001,0
27.09.2016 08:02:19.971,46.97,46.910000000000004,0.0001,0
27.09.2016 08:02:35.197,46.975,46.915,0.0001,0
27.09.2016 08:02:44.780,46.995,46.935,0.0001,0
27.09.2016 08:02:50.392,46.99,46.93,0.0001,0
27.09.2016 08:03:00.518,46.985,46.925000000000004,0.0001,0
27.09.2016 08:03:05.032,46.980000000000004,46.92,0.0001,0
27.09.2016 08:03:05.835,46.975,46.915,0.0001,0
27.09.2016 08:03:19.462,46.985,46.925000000000004,0.0001,0
27.09.2016 08:03:21.972,46.975,46.915,0.0001,0
27.09.2016 08:03:22.460,46.980000000000004,46.92,0.0001,0
27.09.2016 08:03:32.298,46.985,46.925000000000004,0.0001,0
27.09.2016 08:03:36.227,46.99,46.93,0.0001,0
27.09.2016 08:03:36.772,46.995,46.935,0.0001,0
27.09.2016 08:03:40.310,46.99,46.93,0.0001,0
27.09.2016 08:03:42.414,47,46.94,0.0001,0
27.09.2016 08:03:50.850,47.01,46.95,0.0001,0
27.09.2016 08:03:51.251,47.015,46.955,0.0001,0
27.09.2016 08:03:51.652,47.005,46.945,0.0001,0
27.09.2016 08:03:52.142,47.015,46.955,0.0001,0
27.09.2016 08:03:57.375,47.005,46.945,0.0001,0
27.09.2016 08:04:10.551,47.02,46.96,0.0001,0
27.09.2016 08:04:11.005,47.01,46.95,0.0001,0
27.09.2016 08:04:12.512,47,46.94,0.0001,0
27.09.2016 08:04:13.613,46.995,46.935,0.0001,0
27.09.2016 08:04:14.618,47,46.94,0.0001,0
27.09.2016 08:04:17.273,46.995,46.935,0.0001,0
27.09.2016 08:04:19.638,47,46.94,0.0001,0
27.09.2016 08:04:30.767,46.995,46.935,0.0001,0
27.09.2016 08:04:35.077,47.005,46.945,0.0001,0
27.09.2016 08:04:38.223,47,46.94,0.0001,0
27.09.2016 08:04:44.300,47.01,46.95,0.0001,0
27.09.2016 08:04:48.907,47.005,46.945,0.0001,0
27.09.2016 08:04:53.016,47,46.94,0.0001,0
27.09.2016 08:04:53.431,47.005,46.945,0.0001,0
27.09.2016 08:04:53.917,47,46.94,0.0001,0
27.09.2016 08:04:59.329,46.995,46.935,0.0001,0
27.09.2016 08:05:03.490,46.99,46.93,0.0001,0
27.09.2016 08:05:03.823,46.995,46.935,0.0001,0
27.09.2016 08:05:05.855,46.99,46.93,0.0001,0
27.09.2016 08:05:08.166,46.985,46.925000000000004,0.0001,0
27.09.2016 08:05:12.070,46.99,46.93,0.0001,0
27.09.2016 08:05:12.772,46.995,46.935,0.0001,0
27.09.2016 08:05:13.073,46.985,46.925000000000004,0.0001,0
27.09.2016 08:05:14.595,46.980000000000004,46.92,0.0001,0
27.09.2016 08:05:24.308,46.975,46.915,0.0001,0
27.09.2016 08:05:26.112,46.980000000000004,46.92,0.0001,0
27.09.2016 08:05:32.637,46.985,46.925000000000004,0.0001,0
27.09.2016 08:05:33.245,46.97,46.910000000000004,0.0001,0
27.09.2016 08:05:34.273,46.965,46.905,0.0001,0
27.09.2016 08:05:35.347,46.975,46.915,0.0001,0
27.09.2016 08:05:35.872,46.980000000000004,46.92,0.0001,0
27.09.2016 08:05:38.758,46.975,46.915,0.0001,0
27.09.2016 08:05:41.265,46.97,46.910000000000004,0.0001,0
27.09.2016 08:05:42.366,46.975,46.915,0.0001,0
27.09.2016 08:05:43.568,46.97,46.910000000000004,0.0001,0
27.09.2016 08:05:45.575,46.975,46.915,0.0001,0
27.09.2016 08:05:46.276,46.97,46.910000000000004,0.0001,0
27.09.2016 08:05:46.676,46.965,46.905,0.0001,0
27.09.2016 08:05:46.979,46.955,46.895,0.0001,0
27.09.2016 08:05:47.984,46.945,46.885,0.0001,0
27.09.2016 08:05:48.381,46.95,46.89,0.0001,0
27.09.2016 08:05:50.194,46.945,46.885,0.0001,0
27.09.2016 08:05:50.696,46.94,46.88,0.0001,0
27.09.2016 08:05:51.296,46.945,46.885,0.0001,0
27.09.2016 08:05:52.731,46.94,46.88,0.0001,0
27.09.2016 08:05:53.401,46.935,46.875,0.0001,0
27.09.2016 08:05:59.328,46.945,46.885,0.0001,0
27.09.2016 08:06:00.434,46.95,46.89,0.0001,0
27.09.2016 08:06:01.537,46.955,46.895,0.0001,0
27.09.2016 08:06:02.038,46.95,46.89,0.0001,0
27.09.2016 08:06:04.350,46.955,46.895,0.0001,0
27.09.2016 08:06:08.973,46.96,46.9,0.0001,0
27.09.2016 08:06:10.578,46.955,46.895,0.0001,0
27.09.2016 08:06:11.191,46.96,46.9,0.0001,0
27.09.2016 08:06:12.788,46.945,46.885,0.0001,0
27.09.2016 08:06:19.219,46.94,46.88,0.0001,0
27.09.2016 08:06:19.521,46.95,46.89,0.0001,0
27.09.2016 08:06:22.133,46.945,46.885,0.0001,0
27.09.2016 08:06:27.956,46.95,46.89,0.0001,0
27.09.2016 08:06:29.462,46.945,46.885,0.0001,0
27.09.2016 08:06:30.165,46.955,46.895,0.0001,0
27.09.2016 08:06:32.173,46.965,46.885,0.0001,0
27.09.2016 08:06:32.274,46.975,46.875,0.0001,0
27.09.2016 08:06:34.205,46.955,46.895,0.0001,0
27.09.2016 08:06:35.673,46.95,46.89,0.0001,0
27.09.2016 08:06:36.284,46.945,46.885,0.0001,0
27.09.2016 08:06:36.875,46.95,46.89,0.0001,0
27.09.2016 08:06:37.981,46.935,46.875,0.0001,0
27.09.2016 08:06:38.785,46.945,46.885,0.0001,0
27.09.2016 08:06:39.588,46.95,46.89,0.0001,0
27.09.2016 08:06:41.600,46.945,46.885,0.0001,0
27.09.2016 08:06:41.903,46.95,46.89,0.0001,0
27.09.2016 08:06:43.107,46.94,46.88,0.0001,0
27.09.2016 08:06:44.457,46.945,46.885,0.0001,0
27.09.2016 08:06:45.865,46.94,46.88,0.0001,0
27.09.2016 08:06:46.425,46.935,46.875,0.0001,0
27.09.2016 08:06:46.922,46.94,46.88,0.0001,0
27.09.2016 08:06:48.934,46.935,46.875,0.0001,0
27.09.2016 08:06:50.036,46.93,46.87,0.0001,0
27.09.2016 08:06:50.538,46.935,46.875,0.0001,0
27.09.2016 08:06:53.048,46.93,46.87,0.0001,0
27.09.2016 08:06:55.976,46.94,46.88,0.0001,0
27.09.2016 08:06:56.662,46.95,46.89,0.0001,0
27.09.2016 08:06:56.966,46.945,46.885,0.0001,0
27.09.2016 08:06:57.577,46.95,46.89,0.0001,0
27.09.2016 08:06:58.670,46.94,46.88,0.0001,0
27.09.2016 08:07:03.787,46.955,46.895,0.0001,0
27.09.2016 08:07:06.763,46.97,46.910000000000004,0.0001,0
27.09.2016 08:07:17.639,46.965,46.905,0.0001,0
27.09.2016 08:07:22.057,46.97,46.910000000000004,0.0001,0
27.09.2016 08:07:23.064,46.975,46.915,0.0001,0
27.09.2016 08:07:29.203,46.985,46.925000000000004,0.0001,0
27.09.2016 08:07:29.590,46.975,46.915,0.0001,0
27.09.2016 08:07:30.995,46.980000000000004,46.92,0.0001,0
27.09.2016 08:07:31.396,46.975,46.915,0.0001,0
27.09.2016 08:07:32.599,46.97,46.910000000000004,0.0001,0
27.09.2016 08:07:37.965,46.96,46.9,0.0001,0
27.09.2016 08:07:38.434,46.955,46.895,0.0001,0
27.09.2016 08:07:40.425,46.96,46.9,0.0001,0
27.09.2016 08:07:41.328,46.955,46.895,0.0001,0
27.09.2016 08:07:43.434,46.95,46.89,0.0001,0
27.09.2016 08:07:47.446,46.94,46.88,0.0001,0
27.09.2016 08:07:47.803,46.945,46.885,0.0001,0
27.09.2016 08:07:48.133,46.95,46.89,0.0001,0
27.09.2016 08:07:48.750,46.945,46.885,0.0001,0
27.09.2016 08:07:49.954,46.95,46.89,0.0001,0
27.09.2016 08:07:51.659,46.945,46.885,0.0001,0
27.09.2016 08:07:52.364,46.95,46.89,0.0001,0
27.09.2016 08:08:00.789,46.96,46.9,0.0001,0
27.09.2016 08:08:01.793,46.965,46.905,0.0001,0
27.09.2016 08:08:03.097,46.97,46.910000000000004,0.0001,0
27.09.2016 08:08:04.001,46.965,46.905,0.0001,0
27.09.2016 08:08:05.605,46.97,46.910000000000004,0.0001,0
27.09.2016 08:08:08.113,46.975,46.915,0.0001,0
27.09.2016 08:08:09.549,46.980000000000004,46.92,0.0001,0
27.09.2016 08:08:10.622,46.975,46.915,0.0001,0
27.09.2016 08:08:19.250,46.985,46.925000000000004,0.0001,0
27.09.2016 08:08:35.200,47,46.94,0.0001,0
27.09.2016 08:08:37.104,47.005,46.945,0.0001,0
27.09.2016 08:08:38.909,47,46.94,0.0001,0
27.09.2016 08:08:39.713,47.005,46.945,0.0001,0
27.09.2016 08:08:40.148,47,46.94,0.0001,0
27.09.2016 08:08:51.643,46.995,46.935,0.0001,0
27.09.2016 08:08:52.949,47,46.94,0.0001,0
27.09.2016 08:08:53.551,47.005,46.945,0.0001,0
27.09.2016 08:08:54.556,47,46.94,0.0001,0
27.09.2016 08:08:56.076,46.99,46.93,0.0001,0
27.09.2016 08:08:59.213,46.995,46.935,0.0001,0
27.09.2016 08:09:00.374,46.985,46.925000000000004,0.0001,0
27.09.2016 08:09:01.376,46.99,46.93,0.0001,0
27.09.2016 08:09:01.878,46.995,46.935,0.0001,0
27.09.2016 08:09:05.860,46.99,46.93,0.0001,0
27.09.2016 08:09:07.194,46.985,46.925000000000004,0.0001,0
27.09.2016 08:09:10.801,46.97,46.910000000000004,0.0001,0
27.09.2016 08:09:25.847,46.965,46.905,0.0001,0
27.09.2016 08:09:27.975,46.975,46.915,0.0001,0
27.09.2016 08:09:28.517,46.965,46.905,0.0001,0
27.09.2016 08:09:49.537,46.955,46.895,0.0001,0
27.09.2016 08:09:50.468,46.96,46.9,0.0001,0
27.09.2016 08:09:53.850,46.97,46.910000000000004,0.0001,0
27.09.2016 08:10:05.815,46.975,46.915,0.0001,0
27.09.2016 08:10:06.818,46.97,46.910000000000004,0.0001,0
27.09.2016 08:10:12.253,46.96,46.9,0.0001,0
27.09.2016 08:10:20.866,46.95,46.89,0.0001,0
27.09.2016 08:10:21.469,46.955,46.895,0.0001,0
27.09.2016 08:10:24.123,46.95,46.89,0.0001,0
27.09.2016 08:10:27.113,46.955,46.895,0.0001,0
27.09.2016 08:10:27.723,46.945,46.885,0.0001,0
27.09.2016 08:10:28.284,46.95,46.89,0.0001,0
27.09.2016 08:10:43.414,46.945,46.885,0.0001,0
27.09.2016 08:10:51.532,46.955,46.895,0.0001,0
27.09.2016 08:10:52.835,46.96,46.9,0.0001,0
27.09.2016 08:10:54.938,46.955,46.895,0.0001,0
27.09.2016 08:10:55.539,46.95,46.89,0.0001,0
27.09.2016 08:11:02.161,46.955,46.895,0.0001,0
27.09.2016 08:11:02.632,46.96,46.9,0.0001,0
27.09.2016 08:11:03.494,46.955,46.895,0.0001,0
27.09.2016 08:11:03.952,46.96,46.9,0.0001,0
27.09.2016 08:11:05.418,46.95,46.89,0.0001,0
27.09.2016 08:11:06.878,46.945,46.885,0.0001,0
27.09.2016 08:11:07.380,46.95,46.89,0.0001,0
27.09.2016 08:11:07.709,46.96,46.9,0.0001,0
27.09.2016 08:11:08.990,46.965,46.905,0.0001,0
27.09.2016 08:11:09.360,46.96,46.9,0.0001,0
27.09.2016 08:11:10.496,46.955,46.895,0.0001,0
27.09.2016 08:11:13.205,46.96,46.9,0.0001,0
27.09.2016 08:11:13.679,46.97,46.910000000000004,0.0001,0
27.09.2016 08:11:14.007,46.965,46.905,0.0001,0
27.09.2016 08:11:14.611,46.975,46.915,0.0001,0
27.09.2016 08:11:16.716,46.985,46.925000000000004,0.0001,0
27.09.2016 08:11:17.219,46.980000000000004,46.92,0.0001,0
27.09.2016 08:11:17.619,46.975,46.915,0.0001,0
27.09.2016 08:11:19.824,46.97,46.910000000000004,0.0001,0
27.09.2016 08:11:20.332,46.975,46.915,0.0001,0
27.09.2016 08:11:21.027,46.97,46.910000000000004,0.0001,0
27.09.2016 08:11:23.536,46.965,46.905,0.0001,0
27.09.2016 08:11:26.749,46.955,46.895,0.0001,0
27.09.2016 08:11:29.655,46.96,46.9,0.0001,0
27.09.2016 08:11:30.657,46.965,46.905,0.0001,0
27.09.2016 08:11:34.163,46.955,46.895,0.0001,0
27.09.2016 08:11:35.504,46.95,46.89,0.0001,0
27.09.2016 08:11:35.954,46.955,46.895,0.0001,0
27.09.2016 08:11:36.995,46.95,46.89,0.0001,0
27.09.2016 08:11:37.984,46.945,46.885,0.0001,0
27.09.2016 08:11:40.381,46.95,46.89,0.0001,0
27.09.2016 08:11:40.939,46.945,46.885,0.0001,0
27.09.2016 08:11:41.271,46.95,46.89,0.0001,0
27.09.2016 08:11:42.088,46.955,46.895,0.0001,0
27.09.2016 08:11:42.499,46.945,46.885,0.0001,0
27.09.2016 08:11:43.092,46.95,46.89,0.0001,0
27.09.2016 08:11:53.331,46.945,46.885,0.0001,0
27.09.2016 08:11:54.234,46.95,46.89,0.0001,0
27.09.2016 08:11:55.037,46.955,46.895,0.0001,0
27.09.2016 08:11:55.840,46.96,46.9,0.0001,0
27.09.2016 08:11:58.649,46.95,46.89,0.0001,0
27.09.2016 08:12:02.767,46.955,46.895,0.0001,0
27.09.2016 08:12:03.218,46.96,46.9,0.0001,0
27.09.2016 08:12:06.785,46.955,46.895,0.0001,0
27.09.2016 08:12:15.408,46.96,46.9,0.0001,0
27.09.2016 08:12:16.212,46.955,46.895,0.0001,0
27.09.2016 08:12:18.622,46.965,46.905,0.0001,0
27.09.2016 08:12:20.125,46.975,46.915,0.0001,0
27.09.2016 08:12:20.829,46.980000000000004,46.92,0.0001,0
27.09.2016 08:12:25.443,46.975,46.915,0.0001,0
27.09.2016 08:12:26.588,46.97,46.910000000000004,0.0001,0
27.09.2016 08:12:26.919,46.975,46.915,0.0001,0
27.09.2016 08:12:27.850,46.97,46.910000000000004,0.0001,0
27.09.2016 08:12:28.241,46.965,46.905,0.0001,0
27.09.2016 08:12:30.761,46.97,46.910000000000004,0.0001,0
27.09.2016 08:12:33.111,46.975,46.915,0.0001,0
27.09.2016 08:12:36.474,46.97,46.910000000000004,0.0001,0
27.09.2016 08:12:42.360,46.975,46.915,0.0001,0
27.09.2016 08:12:43.400,46.980000000000004,46.92,0.0001,0
27.09.2016 08:12:43.798,46.975,46.915,0.0001,0
27.09.2016 08:12:44.538,46.985,46.925000000000004,0.0001,0
27.09.2016 08:12:44.898,46.995,46.935,0.0001,0
27.09.2016 08:12:46.202,46.99,46.93,0.0001,0
27.09.2016 08:12:51.117,46.980000000000004,46.92,0.0001,0
27.09.2016 08:12:53.351,46.975,46.915,0.0001,0
27.09.2016 08:12:55.731,46.985,46.925000000000004,0.0001,0
27.09.2016 08:12:57.141,46.980000000000004,46.92,0.0001,0
27.09.2016 08:12:58.842,46.985,46.925000000000004,0.0001,0
27.09.2016 08:13:02.353,46.980000000000004,46.92,0.0001,0
27.09.2016 08:13:02.856,46.99,46.93,0.0001,0
27.09.2016 08:13:03.200,46.995,46.935,0.0001,0
27.09.2016 08:13:03.531,46.99,46.93,0.0001,0
27.09.2016 08:13:03.860,46.995,46.935,0.0001,0
27.09.2016 08:13:04.191,46.99,46.93,0.0001,0
27.09.2016 08:13:09.581,47,46.94,0.0001,0
27.09.2016 08:13:12.205,47.005,46.945,0.0001,0
27.09.2016 08:13:13.544,47.01,46.95,0.0001,0
27.09.2016 08:13:14.208,47.005,46.945,0.0001,0
27.09.2016 08:13:14.516,47,46.94,0.0001,0
27.09.2016 08:13:16.817,47.015,46.955,0.0001,0
27.09.2016 08:13:17.154,47.02,46.96,0.0001,0
27.09.2016 08:13:19.264,47.025,46.965,0.0001,0
27.09.2016 08:13:20.334,47.015,46.955,0.0001,0
27.09.2016 08:13:23.147,47.02,46.96,0.0001,0
27.09.2016 08:13:23.616,47.015,46.955,0.0001,0
27.09.2016 08:13:24.985,47.02,46.96,0.0001,0
27.09.2016 08:13:29.765,47.025,46.965,0.0001,0
27.09.2016 08:13:30.367,47.02,46.96,0.0001,0
27.09.2016 08:13:31.471,47.015,46.955,0.0001,0
27.09.2016 08:13:32.074,47.02,46.96,0.0001,0
27.09.2016 08:13:34.279,47.025,46.965,0.0001,0
27.09.2016 08:13:39.712,47.015,46.955,0.0001,0
27.09.2016 08:13:40.392,47.02,46.96,0.0001,0
27.09.2016 08:13:42.123,47.025,46.965,0.0001,0
27.09.2016 08:13:44.803,47.02,46.96,0.0001,0
27.09.2016 08:13:45.208,47.015,46.955,0.0001,0
27.09.2016 08:13:46.506,47.025,46.965,0.0001,0
27.09.2016 08:13:50.713,47.02,46.96,0.0001,0
27.09.2016 08:13:55.824,47.025,46.965,0.0001,0
27.09.2016 08:13:56.218,47.02,46.96,0.0001,0
27.09.2016 08:13:58.630,47.03,46.97,0.0001,0
27.09.2016 08:13:59.130,47.035000000000004,46.975,0.0001,0
27.09.2016 08:14:02.037,47.04,46.980000000000004,0.0001,0
27.09.2016 08:14:03.550,47.050000000000004,46.99,0.0001,0
27.09.2016 08:14:04.594,47.055,46.995,0.0001,0
27.09.2016 08:14:08.762,47.065,47.005,0.0001,0
27.09.2016 08:14:14.995,47.06,47,0.0001,0
27.09.2016 08:14:15.999,47.07,47.01,0.0001,0
27.09.2016 08:14:16.592,47.065,47.005,0.0001,0
27.09.2016 08:14:17.348,47.055,46.995,0.0001,0
27.09.2016 08:14:17.906,47.04,46.980000000000004,0.0001,0
27.09.2016 08:14:18.241,47.035000000000004,46.975,0.0001,0
27.09.2016 08:14:18.709,47.045,46.985,0.0001,0
27.09.2016 08:14:19.711,47.035000000000004,46.975,0.0001,0
27.09.2016 08:14:20.714,47.03,46.97,0.0001,0
27.09.2016 08:14:33.247,47.035000000000004,46.975,0.0001,0
27.09.2016 08:14:34.567,47.025,46.965,0.0001,0
27.09.2016 08:14:35.578,47.02,46.96,0.0001,0
27.09.2016 08:14:45.516,47.035000000000004,46.975,0.0001,0
27.09.2016 08:14:46.126,47.04,46.980000000000004,0.0001,0
27.09.2016 08:14:46.506,47.045,46.985,0.0001,0
27.09.2016 08:14:47.682,47.050000000000004,46.99,0.0001,0
27.09.2016 08:14:53.998,47.035000000000004,46.975,0.0001,0
27.09.2016 08:14:58.014,47.03,46.97,0.0001,0
27.09.2016 08:15:09.653,47.035000000000004,46.975,0.0001,0
27.09.2016 08:15:14.895,47.03,46.97,0.0001,0
27.09.2016 08:15:17.981,47.035000000000004,46.975,0.0001,0
27.09.2016 08:15:47.824,47.03,46.97,0.0001,0
27.09.2016 08:15:49.289,47.035000000000004,46.975,0.0001,0
27.09.2016 08:15:57.814,47.02,46.96,0.0001,0
27.09.2016 08:16:03.429,47.015,46.955,0.0001,0
27.09.2016 08:16:03.831,47.03,46.97,0.0001,0
27.09.2016 08:16:06.038,47.035000000000004,46.975,0.0001,0
27.09.2016 08:16:07.143,47.03,46.97,0.0001,0
27.09.2016 08:16:11.179,47.025,46.965,0.0001,0
27.09.2016 08:16:11.612,47.02,46.96,0.0001,0
27.09.2016 08:16:13.170,47.025,46.965,0.0001,0
27.09.2016 08:16:16.170,47.02,46.96,0.0001,0
27.09.2016 08:16:16.672,47.025,46.965,0.0001,0
27.09.2016 08:16:17.985,47.02,46.96,0.0001,0
27.09.2016 08:16:29.300,47.015,46.955,0.0001,0
27.09.2016 08:16:37.190,47.01,46.95,0.0001,0
27.09.2016 08:16:37.622,47.03,46.97,0.0001,0
27.09.2016 08:16:37.923,47.035000000000004,46.975,0.0001,0
27.09.2016 08:16:39.240,47.03,46.97,0.0001,0
27.09.2016 08:16:53.664,47.035000000000004,46.975,0.0001,0
27.09.2016 08:16:55.570,47.03,46.97,0.0001,0
27.09.2016 08:17:00.320,47.035000000000004,46.975,0.0001,0
27.09.2016 08:17:00.688,47.03,46.97,0.0001,0
27.09.2016 08:17:14.729,47.025,46.965,0.0001,0
27.09.2016 08:17:18.243,47.02,46.96,0.0001,0
27.09.2016 08:17:18.592,46.995,46.935,0.0001,0
27.09.2016 08:17:21.196,46.99,46.93,0.0001,0
27.09.2016 08:17:25.196,46.985,46.925000000000004,0.0001,0
27.09.2016 08:17:25.543,46.99,46.93,0.0001,0
27.09.2016 08:17:25.874,46.985,46.925000000000004,0.0001,0
27.09.2016 08:17:26.204,46.980000000000004,46.92,0.0001,0
27.09.2016 08:17:38.429,46.97,46.910000000000004,0.0001,0
27.09.2016 08:17:49.492,46.975,46.915,0.0001,0
27.09.2016 08:17:53.503,46.97,46.910000000000004,0.0001,0
27.09.2016 08:18:04.095,46.975,46.915,0.0001,0
27.09.2016 08:18:21.130,46.985,46.925000000000004,0.0001,0
27.09.2016 08:18:28.146,46.980000000000004,46.92,0.0001,0
27.09.2016 08:18:32.745,46.985,46.925000000000004,0.0001,0
27.09.2016 08:18:33.503,46.980000000000004,46.92,0.0001,0
27.09.2016 08:18:36.759,46.985,46.925000000000004,0.0001,0
27.09.2016 08:18:38.667,46.99,46.93,0.0001,0
27.09.2016 08:18:40.671,46.995,46.935,0.0001,0
27.09.2016 08:18:41.041,46.99,46.93,0.0001,0
27.09.2016 08:18:48.985,46.985,46.925000000000004,0.0001,0
27.09.2016 08:18:53.740,46.99,46.93,0.0001,0
27.09.2016 08:18:54.071,46.985,46.925000000000004,0.0001,0
27.09.2016 08:19:00.739,46.99,46.93,0.0001,0
27.09.2016 08:19:03.447,46.995,46.935,0.0001,0
27.09.2016 08:19:05.362,46.99,46.93,0.0001,0
27.09.2016 08:19:07.523,46.995,46.935,0.0001,0
27.09.2016 08:19:08.024,46.99,46.93,0.0001,0
27.09.2016 08:19:08.665,46.995,46.935,0.0001,0
27.09.2016 08:19:10.328,46.99,46.93,0.0001,0
27.09.2016 08:19:21.351,46.995,46.935,0.0001,0
27.09.2016 08:19:24.760,47,46.94,0.0001,0
27.09.2016 08:19:25.364,47.01,46.95,0.0001,0
27.09.2016 08:19:36.483,47.015,46.955,0.0001,0
27.09.2016 08:20:02.612,47,46.94,0.0001,0
27.09.2016 08:20:03.125,46.995,46.935,0.0001,0
27.09.2016 08:20:06.857,47.005,46.945,0.0001,0
27.09.2016 08:20:07.359,47.01,46.95,0.0001,0
27.09.2016 08:20:09.963,47.015,46.955,0.0001,0
27.09.2016 08:20:11.161,47.01,46.95,0.0001,0
27.09.2016 08:20:16.076,47.025,46.965,0.0001,0
27.09.2016 08:20:18.583,47.02,46.96,0.0001,0
27.09.2016 08:20:20.288,47.025,46.965,0.0001,0
27.09.2016 08:20:25.405,47.015,46.955,0.0001,0
27.09.2016 08:20:27.039,47.025,46.965,0.0001,0
27.09.2016 08:20:30.545,47.02,46.96,0.0001,0
27.09.2016 08:20:33.564,47.025,46.965,0.0001,0
27.09.2016 08:20:38.539,47.02,46.96,0.0001,0
27.09.2016 08:20:46.363,47.025,46.965,0.0001,0
27.09.2016 08:20:47.567,47.02,46.96,0.0001,0
27.09.2016 08:20:56.284,47.025,46.965,0.0001,0
27.09.2016 08:20:57.407,47.035000000000004,46.955,0.0001,0
27.09.2016 08:20:59.427,47.02,46.96,0.0001,0
27.09.2016 08:21:03.603,47.025,46.965,0.0001,0
27.09.2016 08:21:15.329,47.02,46.96,0.0001,0
27.09.2016 08:21:16.055,47.025,46.965,0.0001,0
27.09.2016 08:21:34.688,47.035000000000004,46.975,0.0001,0
27.09.2016 08:21:35.885,47.06,47,0.0001,0
27.09.2016 08:21:37.330,47.065,47.005,0.0001,0
27.09.2016 08:21:37.658,47.06,47,0.0001,0
27.09.2016 08:21:38.270,47.055,46.995,0.0001,0
27.09.2016 08:21:40.444,47.06,47,0.0001,0
27.09.2016 08:21:43.514,47.04,46.980000000000004,0.0001,0
27.09.2016 08:21:43.951,47.035000000000004,46.975,0.0001,0
27.09.2016 08:21:48.029,47.055,46.995,0.0001,0
27.09.2016 08:21:59.672,47.065,47.005,0.0001,0
27.09.2016 08:22:01.163,47.07,47.01,0.0001,0
27.09.2016 08:22:01.537,47.075,47.015,0.0001,0
27.09.2016 08:22:04.075,47.065,47.005,0.0001,0
27.09.2016 08:22:04.566,47.06,47,0.0001,0
27.09.2016 08:22:04.895,47.075,47.015,0.0001,0
27.09.2016 08:22:05.224,47.06,47,0.0001,0
27.09.2016 08:22:05.995,47.055,46.995,0.0001,0
27.09.2016 08:22:06.327,47.06,47,0.0001,0
27.09.2016 08:22:07.095,47.065,47.005,0.0001,0
27.09.2016 08:22:07.999,47.06,47,0.0001,0
27.09.2016 08:22:08.401,47.065,47.005,0.0001,0
27.09.2016 08:22:11.810,47.055,46.995,0.0001,0
27.09.2016 08:22:15.428,47.065,47.005,0.0001,0
27.09.2016 08:22:18.142,47.085,47.025,0.0001,0
27.09.2016 08:22:37.588,47.065,47.005,0.0001,0
27.09.2016 08:22:40.500,47.085,46.985,0.0001,0
27.09.2016 08:22:40.649,47.06,47,0.0001,0
27.09.2016 08:22:44.517,47.065,47.005,0.0001,0
27.09.2016 08:22:45.427,47.06,47,0.0001,0
27.09.2016 08:22:46.824,47.055,46.995,0.0001,0
27.09.2016 08:22:47.428,47.06,47,0.0001,0
27.09.2016 08:22:50.237,47.050000000000004,46.99,0.0001,0
27.09.2016 08:22:50.538,47.065,47.005,0.0001,0
27.09.2016 08:22:50.910,47.06,47,0.0001,0
27.09.2016 08:22:51.239,47.055,46.995,0.0001,0
27.09.2016 08:22:52.144,47.06,47,0.0001,0
27.09.2016 08:22:52.560,47.055,46.995,0.0001,0
27.09.2016 08:22:54.590,47.06,47,0.0001,0
27.09.2016 08:22:55.129,47.065,47.005,0.0001,0
27.09.2016 08:22:55.961,47.06,47,0.0001,0
27.09.2016 08:22:57.268,47.050000000000004,46.99,0.0001,0
27.09.2016 08:22:57.771,47.055,46.995,0.0001,0
27.09.2016 08:23:00.599,47.045,46.985,0.0001,0
27.09.2016 08:23:01.784,47.015,46.955,0.0001,0
27.09.2016 08:23:02.086,47.035000000000004,46.975,0.0001,0
27.09.2016 08:23:03.541,47.04,46.980000000000004,0.0001,0
27.09.2016 08:23:06.005,47.045,46.985,0.0001,0
27.09.2016 08:23:06.435,47.050000000000004,46.99,0.0001,0
27.09.2016 08:23:14.539,47.055,46.995,0.0001,0
27.09.2016 08:23:19.973,47.065,47.005,0.0001,0
