Local time,Ask,Bid,AskVolume,BidVolume
26.09.2016 01:00:00.363,46.325,46.265,0.0001,0
26.09.2016 01:00:01.253,46.32,46.26,0.0001,0
26.09.2016 01:00:16.473,46.32,46.245,0.0001,0
26.09.2016 01:01:56.574,46.325,46.255,0.0001,0
26.09.2016 01:03:00.366,46.32,46.245,0.0001,0
26.09.2016 01:03:13.173,46.325,46.255,0.0001,0
26.09.2016 01:03:23.888,46.325,46.265,0.0001,0
26.09.2016 01:03:35.702,46.33,46.27,0.0001,0
26.09.2016 01:04:57.607,46.325,46.265,0.0001,0
26.09.2016 01:05:30.252,46.33,46.27,0.0001,0
26.09.2016 01:05:43.864,46.325,46.265,0.0001,0
26.09.2016 01:06:11.988,46.33,46.27,0.0001,0
26.09.2016 01:06:29.514,46.325,46.265,0.0001,0
26.09.2016 01:06:39.881,46.33,46.27,0.0001,0
26.09.2016 01:06:43.336,46.34,46.28,0.0001,0
26.09.2016 01:06:53.847,46.345,46.285000000000004,0.0001,0
26.09.2016 01:07:07.661,46.34,46.28,0.0001,0
26.09.2016 01:08:25.440,46.345,46.285000000000004,0.0001,0
26.09.2016 01:09:04.182,46.34,46.28,0.0001,0
26.09.2016 01:09:12.989,46.345,46.285000000000004,0.0001,0
26.09.2016 01:09:29.706,46.35,46.29,0.0001,0
26.09.2016 01:09:34.010,46.345,46.285000000000004,0.0001,0
26.09.2016 01:09:44.557,46.35,46.29,0.0001,0
26.09.2016 01:10:18.770,46.345,46.285000000000004,0.0001,0
26.09.2016 01:10:46.996,46.35,46.29,0.0001,0
26.09.2016 01:10:48.641,46.355000000000004,46.295,0.0001,0
26.09.2016 01:10:56.305,46.35,46.29,0.0001,0
26.09.2016 01:11:08.224,46.355000000000004,46.295,0.0001,0
26.09.2016 01:12:01.280,46.35,46.29,0.0001,0
26.09.2016 01:12:18.996,46.355000000000004,46.295,0.0001,0
26.09.2016 01:12:32.418,46.35,46.29,0.0001,0
26.09.2016 01:12:59.131,46.345,46.285000000000004,0.0001,0
26.09.2016 01:13:15.548,46.34,46.28,0.0001,0
26.09.2016 01:13:27.858,46.345,46.285000000000004,0.0001,0
26.09.2016 01:13:49.476,46.335,46.265,0.0001,0
26.09.2016 01:13:50.878,46.315,46.255,0.0001,0
26.09.2016 01:13:55.810,46.325,46.265,0.0001,0
26.09.2016 01:14:00.819,46.32,46.26,0.0001,0
26.09.2016 01:14:01.793,46.300000000000004,46.24,0.0001,0
26.09.2016 01:14:02.323,46.305,46.245,0.0001,0
26.09.2016 01:14:02.932,46.31,46.25,0.0001,0
26.09.2016 01:14:15.850,46.315,46.255,0.0001,0
26.09.2016 01:14:29.519,46.305,46.245,0.0001,0
26.09.2016 01:14:31.922,46.315,46.255,0.0001,0
26.09.2016 01:14:43.132,46.32,46.26,0.0001,0
26.09.2016 01:14:46.365,46.335,46.275,0.0001,0
26.09.2016 01:15:22.370,46.33,46.27,0.0001,0
26.09.2016 01:15:28.676,46.325,46.265,0.0001,0
26.09.2016 01:15:31.984,46.33,46.27,0.0001,0
26.09.2016 01:15:44.397,46.325,46.265,0.0001,0
26.09.2016 01:15:58.209,46.33,46.27,0.0001,0
26.09.2016 01:16:09.119,46.335,46.275,0.0001,0
26.09.2016 01:16:11.521,46.33,46.27,0.0001,0
26.09.2016 01:16:16.125,46.325,46.265,0.0001,0
26.09.2016 01:16:28.646,46.33,46.27,0.0001,0
26.09.2016 01:16:38.847,46.325,46.265,0.0001,0
26.09.2016 01:17:36.007,46.315,46.255,0.0001,0
26.09.2016 01:17:49.664,46.32,46.26,0.0001,0
26.09.2016 01:18:14.971,46.315,46.255,0.0001,0
26.09.2016 01:18:15.599,46.32,46.26,0.0001,0
26.09.2016 01:19:43.571,46.315,46.255,0.0001,0
26.09.2016 01:19:55.782,46.31,46.25,0.0001,0
26.09.2016 01:20:09.398,46.305,46.245,0.0001,0
26.09.2016 01:20:36.822,46.31,46.25,0.0001,0
26.09.2016 01:20:50.843,46.315,46.255,0.0001,0
26.09.2016 01:20:55.075,46.305,46.245,0.0001,0
26.09.2016 01:21:10.862,46.315,46.255,0.0001,0
26.09.2016 01:21:34.220,46.31,46.25,0.0001,0
26.09.2016 01:22:03.305,46.305,46.245,0.0001,0
26.09.2016 01:22:04.407,46.31,46.25,0.0001,0
26.09.2016 01:22:33.333,46.305,46.245,0.0001,0
26.09.2016 01:22:45.143,46.31,46.25,0.0001,0
26.09.2016 01:22:56.852,46.305,46.245,0.0001,0
26.09.2016 01:23:00.799,46.31,46.25,0.0001,0
26.09.2016 01:23:26.778,46.315,46.255,0.0001,0
26.09.2016 01:24:13.030,46.32,46.26,0.0001,0
26.09.2016 01:24:21.139,46.325,46.265,0.0001,0
26.09.2016 01:24:40.856,46.32,46.26,0.0001,0
26.09.2016 01:24:53.285,46.315,46.255,0.0001,0
26.09.2016 01:25:09.082,46.31,46.25,0.0001,0
26.09.2016 01:25:38.909,46.32,46.26,0.0001,0
26.09.2016 01:25:39.408,46.315,46.255,0.0001,0
26.09.2016 01:25:59.727,46.32,46.26,0.0001,0
26.09.2016 01:26:16.642,46.325,46.265,0.0001,0
26.09.2016 01:28:15.757,46.33,46.27,0.0001,0
26.09.2016 01:28:27.767,46.335,46.275,0.0001,0
26.09.2016 01:29:00.348,46.34,46.28,0.0001,0
26.09.2016 01:29:10.207,46.335,46.275,0.0001,0
26.09.2016 01:29:25.519,46.34,46.28,0.0001,0
26.09.2016 01:29:29.022,46.335,46.275,0.0001,0
26.09.2016 01:29:39.434,46.34,46.28,0.0001,0
26.09.2016 01:29:39.935,46.335,46.275,0.0001,0
26.09.2016 01:29:55.747,46.34,46.28,0.0001,0
26.09.2016 01:30:09.267,46.335,46.275,0.0001,0
26.09.2016 01:30:18.685,46.34,46.28,0.0001,0
26.09.2016 01:30:28.386,46.35,46.29,0.0001,0
26.09.2016 01:30:38.797,46.355000000000004,46.295,0.0001,0
26.09.2016 01:32:02.075,46.36,46.300000000000004,0.0001,0
26.09.2016 01:32:02.572,46.365,46.305,0.0001,0
26.09.2016 01:32:04.278,46.375,46.315,0.0001,0
26.09.2016 01:32:10.384,46.37,46.31,0.0001,0
26.09.2016 01:32:10.837,46.375,46.315,0.0001,0
26.09.2016 01:32:14.297,46.37,46.31,0.0001,0
26.09.2016 01:32:44.324,46.375,46.315,0.0001,0
26.09.2016 01:32:57.935,46.37,46.31,0.0001,0
26.09.2016 01:32:58.421,46.36,46.300000000000004,0.0001,0
26.09.2016 01:33:58.587,46.365,46.305,0.0001,0
26.09.2016 01:34:11.543,46.36,46.300000000000004,0.0001,0
26.09.2016 01:34:12.099,46.365,46.305,0.0001,0
26.09.2016 01:34:59.869,46.36,46.300000000000004,0.0001,0
26.09.2016 01:35:23.379,46.365,46.305,0.0001,0
26.09.2016 01:35:36.989,46.36,46.300000000000004,0.0001,0
26.09.2016 01:36:04.326,46.365,46.305,0.0001,0
26.09.2016 01:36:06.928,46.36,46.300000000000004,0.0001,0
26.09.2016 01:36:27.845,46.365,46.305,0.0001,0
26.09.2016 01:36:54.069,46.37,46.31,0.0001,0
26.09.2016 01:40:48.925,46.365,46.305,0.0001,0
26.09.2016 01:41:26.694,46.37,46.31,0.0001,0
26.09.2016 01:42:18.108,46.365,46.305,0.0001,0
26.09.2016 01:42:37.929,46.37,46.31,0.0001,0
26.09.2016 01:43:00.243,46.365,46.305,0.0001,0
26.09.2016 01:43:50.184,46.36,46.300000000000004,0.0001,0
26.09.2016 01:44:32.718,46.35,46.29,0.0001,0
26.09.2016 01:44:35.624,46.355000000000004,46.295,0.0001,0
26.09.2016 01:44:49.936,46.35,46.29,0.0001,0
26.09.2016 01:45:25.174,46.355000000000004,46.295,0.0001,0
26.09.2016 01:49:45.231,46.37,46.31,0.0001,0
26.09.2016 01:50:01.017,46.365,46.305,0.0001,0
26.09.2016 01:50:01.601,46.37,46.31,0.0001,0
26.09.2016 01:50:09.527,46.355000000000004,46.295,0.0001,0
26.09.2016 01:50:28.744,46.36,46.300000000000004,0.0001,0
26.09.2016 01:51:22.689,46.365,46.305,0.0001,0
26.09.2016 01:52:30.561,46.36,46.300000000000004,0.0001,0
26.09.2016 01:52:45.475,46.355000000000004,46.295,0.0001,0
26.09.2016 01:53:04.692,46.345,46.285000000000004,0.0001,0
26.09.2016 01:53:05.617,46.335,46.275,0.0001,0
26.09.2016 01:53:26.924,46.34,46.28,0.0001,0
26.09.2016 01:54:32.495,46.335,46.275,0.0001,0
26.09.2016 01:54:35.098,46.345,46.285000000000004,0.0001,0
26.09.2016 01:54:47.108,46.34,46.28,0.0001,0
26.09.2016 01:54:53.216,46.35,46.29,0.0001,0
26.09.2016 01:54:54.918,46.345,46.285000000000004,0.0001,0
26.09.2016 01:54:55.415,46.35,46.29,0.0001,0
26.09.2016 01:55:00.324,46.345,46.285000000000004,0.0001,0
26.09.2016 01:55:00.716,46.35,46.29,0.0001,0
26.09.2016 01:55:03.331,46.355000000000004,46.295,0.0001,0
26.09.2016 01:55:11.539,46.345,46.285000000000004,0.0001,0
26.09.2016 01:55:12.069,46.34,46.28,0.0001,0
26.09.2016 01:55:12.940,46.345,46.285000000000004,0.0001,0
26.09.2016 01:55:17.679,46.34,46.28,0.0001,0
26.09.2016 01:56:16.199,46.345,46.285000000000004,0.0001,0
26.09.2016 01:56:17.803,46.34,46.28,0.0001,0
26.09.2016 01:56:43.328,46.345,46.285000000000004,0.0001,0
26.09.2016 01:56:50.334,46.34,46.28,0.0001,0
26.09.2016 01:58:30.337,46.33,46.27,0.0001,0
26.09.2016 01:59:18.977,46.32,46.26,0.0001,0
26.09.2016 01:59:19.377,46.325,46.265,0.0001,0
26.09.2016 01:59:28.084,46.335,46.275,0.0001,0
26.09.2016 01:59:39.594,46.33,46.27,0.0001,0
26.09.2016 02:00:24.540,46.325,46.265,0.0001,0
26.09.2016 02:00:42.883,46.33,46.27,0.0001,0
26.09.2016 02:01:00.197,46.325,46.265,0.0001,0
26.09.2016 02:01:14.034,46.33,46.27,0.0001,0
26.09.2016 02:01:40.335,46.325,46.265,0.0001,0
26.09.2016 02:01:41.650,46.33,46.27,0.0001,0
26.09.2016 02:01:42.046,46.335,46.275,0.0001,0
26.09.2016 02:01:53.046,46.33,46.27,0.0001,0
26.09.2016 02:02:05.457,46.345,46.285000000000004,0.0001,0
26.09.2016 02:04:08.069,46.335,46.275,0.0001,0
26.09.2016 02:06:28.098,46.325,46.265,0.0001,0
26.09.2016 02:06:36.005,46.32,46.26,0.0001,0
26.09.2016 02:06:49.244,46.325,46.265,0.0001,0
26.09.2016 02:06:54.521,46.315,46.255,0.0001,0
26.09.2016 02:07:04.564,46.31,46.25,0.0001,0
26.09.2016 02:07:26.948,46.305,46.245,0.0001,0
26.09.2016 02:07:39.858,46.300000000000004,46.24,0.0001,0
26.09.2016 02:07:42.307,46.31,46.25,0.0001,0
26.09.2016 02:07:46.766,46.305,46.245,0.0001,0
26.09.2016 02:07:56.882,46.31,46.25,0.0001,0
26.09.2016 02:07:58.784,46.315,46.255,0.0001,0
26.09.2016 02:08:11.997,46.305,46.245,0.0001,0
26.09.2016 02:08:23.711,46.31,46.25,0.0001,0
26.09.2016 02:08:42.144,46.305,46.245,0.0001,0
26.09.2016 02:08:55.840,46.31,46.25,0.0001,0
26.09.2016 02:08:57.441,46.305,46.245,0.0001,0
26.09.2016 02:09:09.053,46.31,46.25,0.0001,0
26.09.2016 02:09:16.760,46.305,46.245,0.0001,0
26.09.2016 02:09:27.669,46.31,46.25,0.0001,0
26.09.2016 02:09:31.474,46.305,46.245,0.0001,0
26.09.2016 02:09:43.384,46.31,46.25,0.0001,0
26.09.2016 02:09:55.594,46.315,46.255,0.0001,0
26.09.2016 02:09:56.843,46.32,46.26,0.0001,0
26.09.2016 02:09:57.996,46.325,46.265,0.0001,0
26.09.2016 02:10:08.607,46.33,46.27,0.0001,0
26.09.2016 02:10:09.808,46.325,46.265,0.0001,0
26.09.2016 02:10:12.310,46.33,46.27,0.0001,0
26.09.2016 02:10:24.222,46.325,46.265,0.0001,0
26.09.2016 02:10:35.140,46.33,46.27,0.0001,0
26.09.2016 02:10:50.454,46.325,46.265,0.0001,0
26.09.2016 02:10:51.255,46.33,46.27,0.0001,0
26.09.2016 02:11:17.279,46.325,46.265,0.0001,0
26.09.2016 02:11:18.109,46.33,46.27,0.0001,0
26.09.2016 02:11:49.506,46.335,46.275,0.0001,0
26.09.2016 02:12:10.246,46.33,46.27,0.0001,0
26.09.2016 02:12:26.459,46.34,46.28,0.0001,0
26.09.2016 02:12:31.906,46.335,46.275,0.0001,0
26.09.2016 02:12:36.968,46.33,46.27,0.0001,0
26.09.2016 02:12:37.469,46.335,46.275,0.0001,0
26.09.2016 02:12:39.501,46.34,46.28,0.0001,0
26.09.2016 02:12:44.976,46.335,46.275,0.0001,0
26.09.2016 02:12:45.877,46.34,46.28,0.0001,0
26.09.2016 02:12:48.581,46.335,46.275,0.0001,0
26.09.2016 02:12:49.416,46.34,46.28,0.0001,0
26.09.2016 02:12:50.784,46.335,46.275,0.0001,0
26.09.2016 02:12:55.790,46.34,46.28,0.0001,0
26.09.2016 02:13:02.697,46.33,46.27,0.0001,0
26.09.2016 02:13:05.300,46.325,46.265,0.0001,0
26.09.2016 02:13:05.889,46.33,46.27,0.0001,0
26.09.2016 02:13:07.802,46.335,46.275,0.0001,0
26.09.2016 02:13:10.705,46.34,46.28,0.0001,0
26.09.2016 02:13:11.218,46.335,46.275,0.0001,0
26.09.2016 02:13:28.332,46.34,46.28,0.0001,0
26.09.2016 02:13:28.833,46.345,46.285000000000004,0.0001,0
26.09.2016 02:13:31.135,46.35,46.29,0.0001,0
26.09.2016 02:13:43.244,46.345,46.285000000000004,0.0001,0
26.09.2016 02:13:51.352,46.355000000000004,46.295,0.0001,0
26.09.2016 02:13:54.455,46.35,46.29,0.0001,0
26.09.2016 02:13:55.257,46.345,46.285000000000004,0.0001,0
26.09.2016 02:14:06.881,46.355000000000004,46.295,0.0001,0
26.09.2016 02:14:12.072,46.345,46.285000000000004,0.0001,0
26.09.2016 02:14:34.092,46.355000000000004,46.295,0.0001,0
26.09.2016 02:14:35.194,46.345,46.285000000000004,0.0001,0
26.09.2016 02:14:39.798,46.35,46.29,0.0001,0
26.09.2016 02:14:55.311,46.345,46.285000000000004,0.0001,0
26.09.2016 02:14:55.612,46.355000000000004,46.295,0.0001,0
26.09.2016 02:14:58.114,46.35,46.29,0.0001,0
26.09.2016 02:15:03.125,46.355000000000004,46.295,0.0001,0
26.09.2016 02:15:03.663,46.35,46.29,0.0001,0
26.09.2016 02:15:08.031,46.355000000000004,46.295,0.0001,0
26.09.2016 02:16:58.385,46.35,46.29,0.0001,0
26.09.2016 02:16:58.719,46.345,46.285000000000004,0.0001,0
26.09.2016 02:17:21.005,46.35,46.29,0.0001,0
26.09.2016 02:17:27.316,46.355000000000004,46.295,0.0001,0
26.09.2016 02:17:30.151,46.35,46.29,0.0001,0
26.09.2016 02:17:39.796,46.345,46.285000000000004,0.0001,0
26.09.2016 02:17:42.367,46.355000000000004,46.295,0.0001,0
26.09.2016 02:17:43.688,46.35,46.29,0.0001,0
26.09.2016 02:17:44.679,46.345,46.285000000000004,0.0001,0
26.09.2016 02:17:46.661,46.34,46.28,0.0001,0
26.09.2016 02:17:47.271,46.335,46.275,0.0001,0
26.09.2016 02:17:58.575,46.34,46.28,0.0001,0
26.09.2016 02:18:13.622,46.335,46.275,0.0001,0
26.09.2016 02:18:19.350,46.345,46.285000000000004,0.0001,0
26.09.2016 02:18:36.190,46.355000000000004,46.295,0.0001,0
26.09.2016 02:19:25.021,46.35,46.29,0.0001,0
26.09.2016 02:19:29.325,46.345,46.285000000000004,0.0001,0
26.09.2016 02:19:35.933,46.34,46.28,0.0001,0
26.09.2016 02:20:00.766,46.345,46.285000000000004,0.0001,0
26.09.2016 02:20:08.579,46.34,46.28,0.0001,0
26.09.2016 02:20:09.053,46.335,46.275,0.0001,0
26.09.2016 02:20:11.188,46.34,46.28,0.0001,0
26.09.2016 02:20:17.390,46.335,46.275,0.0001,0
26.09.2016 02:20:34.013,46.345,46.285000000000004,0.0001,0
26.09.2016 02:21:15.765,46.35,46.29,0.0001,0
26.09.2016 02:22:15.532,46.355000000000004,46.295,0.0001,0
26.09.2016 02:22:19.838,46.35,46.29,0.0001,0
26.09.2016 02:22:38.155,46.345,46.285000000000004,0.0001,0
26.09.2016 02:22:40.859,46.35,46.29,0.0001,0
26.09.2016 02:22:42.184,46.355000000000004,46.295,0.0001,0
26.09.2016 02:22:44.063,46.35,46.29,0.0001,0
26.09.2016 02:22:45.107,46.355000000000004,46.295,0.0001,0
26.09.2016 02:23:00.186,46.35,46.29,0.0001,0
26.09.2016 02:23:02.283,46.345,46.285000000000004,0.0001,0
26.09.2016 02:24:46.021,46.35,46.29,0.0001,0
26.09.2016 02:25:02.857,46.345,46.285000000000004,0.0001,0
26.09.2016 02:25:21.290,46.335,46.275,0.0001,0
26.09.2016 02:25:21.660,46.345,46.285000000000004,0.0001,0
26.09.2016 02:25:22.291,46.34,46.28,0.0001,0
26.09.2016 02:25:26.697,46.345,46.285000000000004,0.0001,0
26.09.2016 02:25:54.126,46.335,46.275,0.0001,0
26.09.2016 02:26:13.043,46.34,46.28,0.0001,0
26.09.2016 02:26:42.086,46.335,46.275,0.0001,0
26.09.2016 02:26:51.497,46.34,46.28,0.0001,0
26.09.2016 02:26:52.198,46.345,46.285000000000004,0.0001,0
26.09.2016 02:27:04.518,46.34,46.28,0.0001,0
26.09.2016 02:27:18.843,46.335,46.275,0.0001,0
26.09.2016 02:27:19.547,46.34,46.28,0.0001,0
26.09.2016 02:27:20.245,46.345,46.285000000000004,0.0001,0
26.09.2016 02:27:29.004,46.34,46.28,0.0001,0
26.09.2016 02:27:31.368,46.35,46.29,0.0001,0
26.09.2016 02:28:03.392,46.345,46.285000000000004,0.0001,0
26.09.2016 02:28:14.404,46.34,46.28,0.0001,0
26.09.2016 02:28:25.632,46.345,46.285000000000004,0.0001,0
26.09.2016 02:28:26.217,46.34,46.28,0.0001,0
26.09.2016 02:28:49.158,46.345,46.285000000000004,0.0001,0
26.09.2016 02:29:07.464,46.35,46.29,0.0001,0
26.09.2016 02:29:08.666,46.355000000000004,46.295,0.0001,0
26.09.2016 02:29:25.982,46.35,46.29,0.0001,0
26.09.2016 02:29:34.292,46.345,46.285000000000004,0.0001,0
26.09.2016 02:29:51.409,46.35,46.29,0.0001,0
26.09.2016 02:29:52.110,46.345,46.285000000000004,0.0001,0
26.09.2016 02:29:56.015,46.35,46.29,0.0001,0
26.09.2016 02:30:23.189,46.345,46.285000000000004,0.0001,0
26.09.2016 02:30:31.204,46.365,46.275,0.0001,0
26.09.2016 02:30:32.511,46.375,46.265,0.0001,0
26.09.2016 02:30:43.523,46.35,46.29,0.0001,0
26.09.2016 02:30:49.435,46.355000000000004,46.295,0.0001,0
26.09.2016 02:31:00.851,46.35,46.29,0.0001,0
26.09.2016 02:31:34.505,46.345,46.285000000000004,0.0001,0
26.09.2016 02:31:39.822,46.35,46.29,0.0001,0
26.09.2016 02:31:45.433,46.355000000000004,46.295,0.0001,0
26.09.2016 02:32:09.026,46.35,46.29,0.0001,0
26.09.2016 02:32:53.709,46.355000000000004,46.295,0.0001,0
26.09.2016 02:33:10.377,46.35,46.29,0.0001,0
26.09.2016 02:33:23.777,46.345,46.285000000000004,0.0001,0
26.09.2016 02:33:55.835,46.35,46.29,0.0001,0
26.09.2016 02:34:09.458,46.355000000000004,46.295,0.0001,0
26.09.2016 02:34:22.175,46.345,46.285000000000004,0.0001,0
26.09.2016 02:35:01.434,46.34,46.28,0.0001,0
26.09.2016 02:35:11.549,46.335,46.275,0.0001,0
26.09.2016 02:36:50.496,46.34,46.28,0.0001,0
26.09.2016 02:36:50.915,46.335,46.275,0.0001,0
26.09.2016 02:36:53.400,46.33,46.27,0.0001,0
26.09.2016 02:36:53.838,46.335,46.275,0.0001,0
26.09.2016 02:37:03.713,46.33,46.27,0.0001,0
26.09.2016 02:37:21.046,46.325,46.265,0.0001,0
26.09.2016 02:37:25.280,46.32,46.26,0.0001,0
26.09.2016 02:37:32.561,46.325,46.265,0.0001,0
26.09.2016 02:37:47.681,46.335,46.275,0.0001,0
26.09.2016 02:37:48.582,46.33,46.27,0.0001,0
26.09.2016 02:38:01.108,46.325,46.265,0.0001,0
26.09.2016 02:38:11.319,46.33,46.27,0.0001,0
26.09.2016 02:38:14.023,46.335,46.275,0.0001,0
26.09.2016 02:38:16.137,46.325,46.265,0.0001,0
26.09.2016 02:38:51.474,46.33,46.27,0.0001,0
26.09.2016 02:39:01.500,46.335,46.275,0.0001,0
26.09.2016 02:39:10.399,46.33,46.27,0.0001,0
26.09.2016 02:39:56.978,46.335,46.275,0.0001,0
26.09.2016 02:40:15.233,46.33,46.27,0.0001,0
26.09.2016 02:40:47.457,46.335,46.275,0.0001,0
26.09.2016 02:41:20.409,46.325,46.265,0.0001,0
26.09.2016 02:41:57.848,46.335,46.275,0.0001,0
26.09.2016 02:42:27.681,46.34,46.28,0.0001,0
26.09.2016 02:42:55.224,46.345,46.285000000000004,0.0001,0
26.09.2016 02:42:59.028,46.35,46.29,0.0001,0
26.09.2016 02:43:15.449,46.345,46.285000000000004,0.0001,0
26.09.2016 02:43:26.859,46.34,46.28,0.0001,0
26.09.2016 02:43:43.775,46.335,46.275,0.0001,0
26.09.2016 02:44:42.747,46.34,46.28,0.0001,0
26.09.2016 02:44:54.561,46.345,46.285000000000004,0.0001,0
26.09.2016 02:45:05.578,46.335,46.275,0.0001,0
26.09.2016 02:45:45.245,46.34,46.28,0.0001,0
26.09.2016 02:46:12.078,46.335,46.275,0.0001,0
26.09.2016 02:47:07.485,46.33,46.27,0.0001,0
26.09.2016 02:47:21.273,46.325,46.265,0.0001,0
26.09.2016 02:47:25.881,46.33,46.27,0.0001,0
26.09.2016 02:47:35.196,46.34,46.28,0.0001,0
26.09.2016 02:47:35.556,46.345,46.285000000000004,0.0001,0
26.09.2016 02:47:35.886,46.35,46.29,0.0001,0
26.09.2016 02:47:58.927,46.365,46.305,0.0001,0
26.09.2016 02:48:01.132,46.35,46.29,0.0001,0
26.09.2016 02:48:08.045,46.34,46.28,0.0001,0
26.09.2016 02:48:21.202,46.335,46.275,0.0001,0
26.09.2016 02:48:37.583,46.34,46.28,0.0001,0
26.09.2016 02:49:10.420,46.335,46.275,0.0001,0
26.09.2016 02:50:31.943,46.325,46.265,0.0001,0
26.09.2016 02:50:33.072,46.335,46.275,0.0001,0
26.09.2016 02:50:35.149,46.33,46.27,0.0001,0
26.09.2016 02:51:02.707,46.325,46.265,0.0001,0
26.09.2016 02:51:31.755,46.33,46.27,0.0001,0
26.09.2016 02:51:37.465,46.335,46.275,0.0001,0
26.09.2016 02:52:39.365,46.35,46.29,0.0001,0
26.09.2016 02:52:51.259,46.345,46.285000000000004,0.0001,0
26.09.2016 02:53:12.182,46.34,46.28,0.0001,0
26.09.2016 02:54:00.214,46.335,46.275,0.0001,0
26.09.2016 02:54:22.738,46.345,46.285000000000004,0.0001,0
26.09.2016 02:54:41.564,46.34,46.28,0.0001,0
26.09.2016 02:54:42.758,46.33,46.27,0.0001,0
26.09.2016 02:55:05.293,46.335,46.275,0.0001,0
26.09.2016 02:57:58.185,46.33,46.27,0.0001,0
26.09.2016 02:58:16.447,46.335,46.275,0.0001,0
26.09.2016 02:58:20.608,46.34,46.28,0.0001,0
26.09.2016 02:58:23.713,46.335,46.275,0.0001,0
26.09.2016 02:58:25.153,46.34,46.28,0.0001,0
26.09.2016 02:58:54.465,46.35,46.29,0.0001,0
26.09.2016 02:59:31.803,46.355000000000004,46.295,0.0001,0
26.09.2016 03:00:17.686,46.36,46.300000000000004,0.0001,0
26.09.2016 03:00:22.799,46.355000000000004,46.295,0.0001,0
26.09.2016 03:00:25.697,46.36,46.300000000000004,0.0001,0
26.09.2016 03:00:28.300,46.365,46.305,0.0001,0
26.09.2016 03:00:42.415,46.36,46.300000000000004,0.0001,0
26.09.2016 03:02:22.829,46.36,46.300000000000004,0.0001,0
26.09.2016 03:02:23.162,46.355000000000004,46.295,0.0001,0
26.09.2016 03:02:33.775,46.365,46.305,0.0001,0
26.09.2016 03:02:45.653,46.36,46.300000000000004,0.0001,0
26.09.2016 03:03:31.423,46.365,46.305,0.0001,0
26.09.2016 03:05:51.088,46.36,46.300000000000004,0.0001,0
26.09.2016 03:05:51.679,46.355000000000004,46.295,0.0001,0
26.09.2016 03:06:08.008,46.365,46.305,0.0001,0
26.09.2016 03:06:40.768,46.36,46.300000000000004,0.0001,0
26.09.2016 03:06:44.404,46.365,46.305,0.0001,0
26.09.2016 03:06:45.474,46.36,46.300000000000004,0.0001,0
26.09.2016 03:06:46.076,46.355000000000004,46.295,0.0001,0
26.09.2016 03:06:59.188,46.35,46.29,0.0001,0
26.09.2016 03:10:28.288,46.345,46.285000000000004,0.0001,0
26.09.2016 03:10:28.830,46.34,46.28,0.0001,0
26.09.2016 03:10:36.498,46.355000000000004,46.295,0.0001,0
26.09.2016 03:10:41.503,46.35,46.29,0.0001,0
26.09.2016 03:11:01.650,46.355000000000004,46.295,0.0001,0
26.09.2016 03:11:53.030,46.345,46.285000000000004,0.0001,0
26.09.2016 03:11:53.449,46.35,46.29,0.0001,0
26.09.2016 03:12:11.599,46.345,46.285000000000004,0.0001,0
26.09.2016 03:12:35.775,46.355000000000004,46.295,0.0001,0
26.09.2016 03:12:38.579,46.35,46.29,0.0001,0
26.09.2016 03:13:00.809,46.345,46.285000000000004,0.0001,0
26.09.2016 03:13:15.232,46.34,46.28,0.0001,0
26.09.2016 03:13:20.170,46.345,46.285000000000004,0.0001,0
26.09.2016 03:13:21.348,46.34,46.28,0.0001,0
26.09.2016 03:13:54.278,46.335,46.275,0.0001,0
26.09.2016 03:22:29.470,46.33,46.27,0.0001,0
26.09.2016 03:22:40.683,46.335,46.275,0.0001,0
26.09.2016 03:22:43.386,46.34,46.28,0.0001,0
26.09.2016 03:23:07.916,46.335,46.275,0.0001,0
26.09.2016 03:24:28.198,46.33,46.27,0.0001,0
26.09.2016 03:25:03.743,46.335,46.275,0.0001,0
26.09.2016 03:26:34.880,46.33,46.27,0.0001,0
26.09.2016 03:27:32.801,46.325,46.265,0.0001,0
26.09.2016 03:27:43.010,46.33,46.27,0.0001,0
26.09.2016 03:27:52.918,46.335,46.275,0.0001,0
26.09.2016 03:28:33.074,46.33,46.27,0.0001,0
26.09.2016 03:29:00.241,46.325,46.265,0.0001,0
26.09.2016 03:29:01.306,46.32,46.26,0.0001,0
26.09.2016 03:29:01.825,46.315,46.255,0.0001,0
26.09.2016 03:29:11.216,46.32,46.26,0.0001,0
26.09.2016 03:29:13.618,46.315,46.255,0.0001,0
26.09.2016 03:29:22.784,46.32,46.26,0.0001,0
26.09.2016 03:29:23.230,46.325,46.265,0.0001,0
26.09.2016 03:29:39.647,46.32,46.26,0.0001,0
26.09.2016 03:29:41.951,46.315,46.255,0.0001,0
26.09.2016 03:30:10.808,46.300000000000004,46.24,0.0001,0
26.09.2016 03:30:50.346,46.295,46.235,0.0001,0
26.09.2016 03:31:37.719,46.28,46.22,0.0001,0
26.09.2016 03:31:52.852,46.285000000000004,46.225,0.0001,0
26.09.2016 03:32:06.392,46.295,46.235,0.0001,0
26.09.2016 03:32:30.186,46.29,46.230000000000004,0.0001,0
26.09.2016 03:33:25.844,46.285000000000004,46.225,0.0001,0
26.09.2016 03:33:41.057,46.29,46.230000000000004,0.0001,0
26.09.2016 03:34:46.938,46.295,46.235,0.0001,0
26.09.2016 03:35:11.876,46.285000000000004,46.225,0.0001,0
26.09.2016 03:35:25.792,46.28,46.22,0.0001,0
26.09.2016 03:35:37.203,46.275,46.215,0.0001,0
26.09.2016 03:38:11.581,46.265,46.205,0.0001,0
26.09.2016 03:38:12.169,46.26,46.2,0.0001,0
26.09.2016 03:38:20.690,46.265,46.205,0.0001,0
26.09.2016 03:38:21.091,46.26,46.2,0.0001,0
26.09.2016 03:38:31.801,46.265,46.205,0.0001,0
26.09.2016 03:38:39.209,46.26,46.2,0.0001,0
26.09.2016 03:38:46.818,46.265,46.205,0.0001,0
26.09.2016 03:38:53.128,46.26,46.2,0.0001,0
26.09.2016 03:38:54.330,46.265,46.205,0.0001,0
26.09.2016 03:39:02.338,46.26,46.2,0.0001,0
26.09.2016 03:39:04.039,46.25,46.19,0.0001,0
26.09.2016 03:39:04.469,46.255,46.195,0.0001,0
26.09.2016 03:39:07.502,46.25,46.19,0.0001,0
26.09.2016 03:39:20.356,46.245,46.185,0.0001,0
26.09.2016 03:39:35.211,46.255,46.195,0.0001,0
26.09.2016 03:39:41.779,46.26,46.2,0.0001,0
26.09.2016 03:39:42.280,46.255,46.195,0.0001,0
26.09.2016 03:39:43.381,46.26,46.2,0.0001,0
26.09.2016 03:39:47.886,46.255,46.195,0.0001,0
26.09.2016 03:39:48.450,46.25,46.19,0.0001,0
26.09.2016 03:39:57.096,46.255,46.195,0.0001,0
26.09.2016 03:40:09.213,46.245,46.185,0.0001,0
26.09.2016 03:40:09.593,46.25,46.19,0.0001,0
26.09.2016 03:40:20.728,46.245,46.185,0.0001,0
26.09.2016 03:40:30.141,46.25,46.19,0.0001,0
26.09.2016 03:40:31.844,46.245,46.185,0.0001,0
26.09.2016 03:40:34.247,46.25,46.19,0.0001,0
26.09.2016 03:40:36.349,46.245,46.185,0.0001,0
26.09.2016 03:42:49.994,46.24,46.18,0.0001,0
26.09.2016 03:42:50.487,46.230000000000004,46.17,0.0001,0
26.09.2016 03:42:53.398,46.225,46.165,0.0001,0
26.09.2016 03:42:58.005,46.230000000000004,46.17,0.0001,0
26.09.2016 03:43:09.619,46.225,46.165,0.0001,0
26.09.2016 03:43:13.525,46.230000000000004,46.17,0.0001,0
26.09.2016 03:43:16.944,46.235,46.175000000000004,0.0001,0
26.09.2016 03:43:21.049,46.230000000000004,46.17,0.0001,0
26.09.2016 03:43:38.870,46.235,46.175000000000004,0.0001,0
26.09.2016 03:43:45.677,46.230000000000004,46.17,0.0001,0
26.09.2016 03:43:48.880,46.235,46.175000000000004,0.0001,0
26.09.2016 03:43:49.305,46.225,46.165,0.0001,0
26.09.2016 03:44:32.840,46.230000000000004,46.17,0.0001,0
26.09.2016 03:44:33.641,46.225,46.165,0.0001,0
26.09.2016 03:44:42.252,46.22,46.160000000000004,0.0001,0
26.09.2016 03:45:09.187,46.230000000000004,46.17,0.0001,0
26.09.2016 03:45:21.317,46.22,46.160000000000004,0.0001,0
26.09.2016 03:45:42.245,46.215,46.155,0.0001,0
26.09.2016 03:45:54.459,46.22,46.160000000000004,0.0001,0
26.09.2016 03:46:07.975,46.215,46.155,0.0001,0
26.09.2016 03:46:16.213,46.22,46.160000000000004,0.0001,0
26.09.2016 03:46:41.104,46.215,46.155,0.0001,0
26.09.2016 03:47:29.453,46.22,46.160000000000004,0.0001,0
26.09.2016 03:47:30.355,46.225,46.165,0.0001,0
26.09.2016 03:47:30.856,46.230000000000004,46.17,0.0001,0
26.09.2016 03:47:56.888,46.22,46.160000000000004,0.0001,0
26.09.2016 03:48:23.212,46.235,46.175000000000004,0.0001,0
26.09.2016 03:48:29.720,46.225,46.165,0.0001,0
26.09.2016 03:48:38.228,46.235,46.175000000000004,0.0001,0
26.09.2016 03:48:53.643,46.230000000000004,46.17,0.0001,0
26.09.2016 03:48:57.050,46.225,46.165,0.0001,0
26.09.2016 03:48:57.359,46.230000000000004,46.17,0.0001,0
26.09.2016 03:49:04.959,46.225,46.165,0.0001,0
26.09.2016 03:49:09.973,46.235,46.175000000000004,0.0001,0
26.09.2016 03:49:13.669,46.230000000000004,46.17,0.0001,0
26.09.2016 03:49:51.008,46.235,46.175000000000004,0.0001,0
26.09.2016 03:49:56.320,46.24,46.18,0.0001,0
26.09.2016 03:50:09.868,46.245,46.185,0.0001,0
26.09.2016 03:50:13.338,46.24,46.18,0.0001,0
26.09.2016 03:50:29.359,46.235,46.175000000000004,0.0001,0
26.09.2016 03:50:50.777,46.245,46.185,0.0001,0
26.09.2016 03:51:03.088,46.255,46.195,0.0001,0
26.09.2016 03:51:14.900,46.245,46.185,0.0001,0
26.09.2016 03:51:18.302,46.255,46.195,0.0001,0
26.09.2016 03:51:31.116,46.265,46.205,0.0001,0
26.09.2016 03:51:49.932,46.26,46.2,0.0001,0
26.09.2016 03:51:51.234,46.265,46.205,0.0001,0
26.09.2016 03:52:02.390,46.275,46.215,0.0001,0
26.09.2016 03:53:02.708,46.28,46.22,0.0001,0
26.09.2016 03:53:04.310,46.27,46.21,0.0001,0
26.09.2016 03:53:04.846,46.275,46.215,0.0001,0
26.09.2016 03:53:06.556,46.29,46.230000000000004,0.0001,0
26.09.2016 03:53:09.115,46.28,46.22,0.0001,0
26.09.2016 03:53:12.719,46.285000000000004,46.225,0.0001,0
26.09.2016 03:53:14.922,46.29,46.230000000000004,0.0001,0
26.09.2016 03:53:15.623,46.295,46.235,0.0001,0
26.09.2016 03:53:15.924,46.285000000000004,46.225,0.0001,0
26.09.2016 03:53:17.926,46.29,46.230000000000004,0.0001,0
26.09.2016 03:53:20.232,46.295,46.235,0.0001,0
26.09.2016 03:53:20.699,46.305,46.245,0.0001,0
26.09.2016 03:53:23.632,46.295,46.235,0.0001,0
26.09.2016 03:53:24.133,46.305,46.245,0.0001,0
26.09.2016 03:53:25.735,46.31,46.25,0.0001,0
26.09.2016 03:53:26.136,46.300000000000004,46.24,0.0001,0
26.09.2016 03:53:26.737,46.29,46.230000000000004,0.0001,0
26.09.2016 03:53:28.671,46.295,46.235,0.0001,0
26.09.2016 03:53:30.041,46.305,46.245,0.0001,0
26.09.2016 03:53:36.148,46.300000000000004,46.24,0.0001,0
26.09.2016 03:53:37.849,46.305,46.245,0.0001,0
26.09.2016 03:53:41.553,46.300000000000004,46.24,0.0001,0
26.09.2016 03:53:43.756,46.305,46.245,0.0001,0
26.09.2016 03:53:47.960,46.300000000000004,46.24,0.0001,0
26.09.2016 03:54:06.716,46.31,46.25,0.0001,0
26.09.2016 03:54:38.719,46.305,46.245,0.0001,0
26.09.2016 03:55:00.341,46.295,46.235,0.0001,0
26.09.2016 03:55:05.854,46.300000000000004,46.24,0.0001,0
26.09.2016 03:55:51.939,46.305,46.245,0.0001,0
26.09.2016 03:56:02.431,46.300000000000004,46.24,0.0001,0
26.09.2016 03:56:41.309,46.295,46.235,0.0001,0
26.09.2016 03:56:42.573,46.29,46.230000000000004,0.0001,0
26.09.2016 03:56:57.494,46.295,46.235,0.0001,0
26.09.2016 03:57:07.295,46.29,46.230000000000004,0.0001,0
26.09.2016 03:57:24.011,46.295,46.235,0.0001,0
26.09.2016 03:57:42.628,46.29,46.230000000000004,0.0001,0
26.09.2016 03:57:52.736,46.295,46.235,0.0001,0
26.09.2016 03:57:56.842,46.29,46.230000000000004,0.0001,0
26.09.2016 03:57:57.662,46.285000000000004,46.225,0.0001,0
26.09.2016 03:58:02.748,46.295,46.235,0.0001,0
26.09.2016 03:58:18.161,46.285000000000004,46.225,0.0001,0
26.09.2016 03:58:18.760,46.29,46.230000000000004,0.0001,0
26.09.2016 03:58:42.199,46.295,46.235,0.0001,0
26.09.2016 03:59:01.521,46.29,46.230000000000004,0.0001,0
26.09.2016 03:59:18.836,46.295,46.235,0.0001,0
26.09.2016 03:59:35.953,46.300000000000004,46.24,0.0001,0
26.09.2016 03:59:50.073,46.295,46.235,0.0001,0
26.09.2016 04:00:11.395,46.29,46.230000000000004,0.0001,0
26.09.2016 04:00:19.903,46.295,46.235,0.0001,0
26.09.2016 04:00:37.424,46.29,46.230000000000004,0.0001,0
26.09.2016 04:01:11.214,46.295,46.235,0.0001,0
26.09.2016 04:01:38.690,46.285000000000004,46.225,0.0001,0
26.09.2016 04:01:41.894,46.29,46.230000000000004,0.0001,0
26.09.2016 04:01:52.004,46.295,46.235,0.0001,0
26.09.2016 04:02:00.611,46.305,46.245,0.0001,0
26.09.2016 04:02:10.829,46.300000000000004,46.24,0.0001,0
26.09.2016 04:02:37.847,46.305,46.245,0.0001,0
26.09.2016 04:03:02.572,46.300000000000004,46.24,0.0001,0
26.09.2016 04:03:16.022,46.295,46.235,0.0001,0
26.09.2016 04:03:48.812,46.29,46.230000000000004,0.0001,0
26.09.2016 04:04:14.333,46.285000000000004,46.225,0.0001,0
26.09.2016 04:04:39.604,46.295,46.235,0.0001,0
26.09.2016 04:04:45.763,46.29,46.230000000000004,0.0001,0
26.09.2016 04:04:48.065,46.295,46.235,0.0001,0
26.09.2016 04:04:54.195,46.29,46.230000000000004,0.0001,0
26.09.2016 04:05:04.482,46.285000000000004,46.225,0.0001,0
26.09.2016 04:05:58.111,46.29,46.230000000000004,0.0001,0
26.09.2016 04:06:13.388,46.295,46.235,0.0001,0
26.09.2016 04:06:46.106,46.300000000000004,46.24,0.0001,0
26.09.2016 04:07:59.997,46.295,46.235,0.0001,0
26.09.2016 04:08:45.464,46.305,46.245,0.0001,0
26.09.2016 04:08:59.175,46.300000000000004,46.24,0.0001,0
26.09.2016 04:09:29.604,46.305,46.245,0.0001,0
26.09.2016 04:09:34.009,46.29,46.230000000000004,0.0001,0
26.09.2016 04:09:34.426,46.285000000000004,46.225,0.0001,0
26.09.2016 04:09:39.315,46.29,46.230000000000004,0.0001,0
26.09.2016 04:09:49.724,46.285000000000004,46.225,0.0001,0
26.09.2016 04:11:37.328,46.300000000000004,46.24,0.0001,0
26.09.2016 04:11:42.032,46.31,46.25,0.0001,0
26.09.2016 04:11:44.834,46.315,46.255,0.0001,0
26.09.2016 04:11:45.637,46.325,46.265,0.0001,0
26.09.2016 04:12:23.576,46.335,46.275,0.0001,0
26.09.2016 04:12:38.991,46.34,46.28,0.0001,0
26.09.2016 04:12:39.479,46.345,46.285000000000004,0.0001,0
26.09.2016 04:13:04.844,46.35,46.29,0.0001,0
26.09.2016 04:13:05.210,46.355000000000004,46.295,0.0001,0
26.09.2016 04:13:05.980,46.35,46.29,0.0001,0
26.09.2016 04:13:08.155,46.355000000000004,46.295,0.0001,0
26.09.2016 04:13:09.356,46.35,46.29,0.0001,0
26.09.2016 04:13:12.660,46.355000000000004,46.295,0.0001,0
26.09.2016 04:13:13.573,46.35,46.29,0.0001,0
26.09.2016 04:13:45.499,46.345,46.285000000000004,0.0001,0
26.09.2016 04:13:45.900,46.34,46.28,0.0001,0
26.09.2016 04:13:46.601,46.335,46.275,0.0001,0
26.09.2016 04:13:59.256,46.33,46.27,0.0001,0
26.09.2016 04:14:00.616,46.32,46.26,0.0001,0
26.09.2016 04:14:08.424,46.31,46.25,0.0001,0
26.09.2016 04:14:08.926,46.305,46.245,0.0001,0
26.09.2016 04:14:26.446,46.300000000000004,46.24,0.0001,0
26.09.2016 04:15:18.592,46.295,46.235,0.0001,0
26.09.2016 04:15:20.194,46.315,46.255,0.0001,0
26.09.2016 04:15:28.201,46.32,46.26,0.0001,0
26.09.2016 04:15:42.414,46.315,46.255,0.0001,0
26.09.2016 04:16:20.251,46.31,46.25,0.0001,0
26.09.2016 04:16:48.078,46.305,46.245,0.0001,0
26.09.2016 04:20:15.899,46.300000000000004,46.24,0.0001,0
26.09.2016 04:20:41.437,46.305,46.245,0.0001,0
26.09.2016 04:21:07.260,46.31,46.25,0.0001,0
26.09.2016 04:22:14.287,46.305,46.245,0.0001,0
26.09.2016 04:22:55.882,46.300000000000004,46.24,0.0001,0
26.09.2016 04:23:23.928,46.305,46.245,0.0001,0
26.09.2016 04:24:39.778,46.300000000000004,46.24,0.0001,0
26.09.2016 04:24:54.892,46.295,46.235,0.0001,0
26.09.2016 04:26:30.408,46.29,46.230000000000004,0.0001,0
26.09.2016 04:26:43.922,46.285000000000004,46.225,0.0001,0
26.09.2016 04:26:47.324,46.29,46.230000000000004,0.0001,0
26.09.2016 04:27:00.951,46.295,46.235,0.0001,0
26.09.2016 04:27:10.949,46.300000000000004,46.24,0.0001,0
26.09.2016 04:27:23.071,46.305,46.245,0.0001,0
26.09.2016 04:27:43.892,46.32,46.26,0.0001,0
26.09.2016 04:27:54.202,46.305,46.245,0.0001,0
26.09.2016 04:27:54.641,46.31,46.25,0.0001,0
26.09.2016 04:28:03.410,46.305,46.245,0.0001,0
26.09.2016 04:28:18.225,46.31,46.25,0.0001,0
26.09.2016 04:28:32.253,46.305,46.245,0.0001,0
26.09.2016 04:28:45.749,46.31,46.25,0.0001,0
26.09.2016 04:28:52.479,46.315,46.255,0.0001,0
26.09.2016 04:28:59.363,46.31,46.25,0.0001,0
26.09.2016 04:29:00.663,46.305,46.245,0.0001,0
26.09.2016 04:29:00.964,46.315,46.255,0.0001,0
26.09.2016 04:29:13.609,46.31,46.25,0.0001,0
26.09.2016 04:29:43.607,46.305,46.245,0.0001,0
26.09.2016 04:31:00.490,46.315,46.255,0.0001,0
26.09.2016 04:31:03.793,46.305,46.245,0.0001,0
26.09.2016 04:31:17.507,46.31,46.25,0.0001,0
26.09.2016 04:31:30.122,46.315,46.255,0.0001,0
26.09.2016 04:31:37.628,46.31,46.25,0.0001,0
26.09.2016 04:32:10.156,46.32,46.26,0.0001,0
26.09.2016 04:32:51.391,46.325,46.265,0.0001,0
26.09.2016 04:33:22.721,46.32,46.26,0.0001,0
26.09.2016 04:33:33.266,46.325,46.265,0.0001,0
26.09.2016 04:33:40.447,46.315,46.255,0.0001,0
26.09.2016 04:34:09.972,46.31,46.25,0.0001,0
26.09.2016 04:36:35.625,46.315,46.255,0.0001,0
26.09.2016 04:36:37.024,46.31,46.25,0.0001,0
26.09.2016 04:36:47.435,46.315,46.255,0.0001,0
26.09.2016 04:37:19.390,46.32,46.26,0.0001,0
26.09.2016 04:37:42.437,46.315,46.255,0.0001,0
26.09.2016 04:37:56.223,46.305,46.245,0.0001,0
26.09.2016 04:38:00.654,46.315,46.255,0.0001,0
26.09.2016 04:38:02.830,46.31,46.25,0.0001,0
26.09.2016 04:38:16.347,46.305,46.245,0.0001,0
26.09.2016 04:38:31.061,46.31,46.25,0.0001,0
26.09.2016 04:39:21.107,46.300000000000004,46.24,0.0001,0
26.09.2016 04:39:21.499,46.29,46.230000000000004,0.0001,0
26.09.2016 04:39:23.009,46.295,46.235,0.0001,0
26.09.2016 04:39:24.110,46.285000000000004,46.225,0.0001,0
26.09.2016 04:39:57.142,46.29,46.230000000000004,0.0001,0
26.09.2016 04:40:37.381,46.295,46.235,0.0001,0
26.09.2016 04:40:46.290,46.300000000000004,46.24,0.0001,0
26.09.2016 04:41:04.720,46.31,46.25,0.0001,0
26.09.2016 04:41:27.640,46.305,46.245,0.0001,0
26.09.2016 04:41:51.765,46.295,46.235,0.0001,0
26.09.2016 04:42:01.270,46.300000000000004,46.24,0.0001,0
26.09.2016 04:42:14.083,46.295,46.235,0.0001,0
26.09.2016 04:43:44.499,46.300000000000004,46.24,0.0001,0
26.09.2016 04:43:55.309,46.295,46.235,0.0001,0
26.09.2016 04:44:07.761,46.300000000000004,46.24,0.0001,0
26.09.2016 04:44:22.049,46.295,46.235,0.0001,0
26.09.2016 04:45:00.425,46.300000000000004,46.24,0.0001,0
26.09.2016 04:45:44.229,46.305,46.245,0.0001,0
26.09.2016 04:46:00.450,46.300000000000004,46.24,0.0001,0
26.09.2016 04:46:40.187,46.31,46.25,0.0001,0
26.09.2016 04:46:53.600,46.315,46.255,0.0001,0
26.09.2016 04:47:35.063,46.305,46.245,0.0001,0
26.09.2016 04:47:37.765,46.32,46.26,0.0001,0
26.09.2016 04:47:40.869,46.315,46.255,0.0001,0
26.09.2016 04:47:53.580,46.31,46.25,0.0001,0
26.09.2016 04:48:11.695,46.305,46.245,0.0001,0
26.09.2016 04:48:16.901,46.32,46.26,0.0001,0
26.09.2016 04:48:28.213,46.31,46.25,0.0001,0
26.09.2016 04:48:43.329,46.300000000000004,46.24,0.0001,0
26.09.2016 04:48:56.840,46.295,46.235,0.0001,0
26.09.2016 04:49:00.043,46.29,46.230000000000004,0.0001,0
26.09.2016 04:49:22.583,46.285000000000004,46.225,0.0001,0
26.09.2016 04:49:47.649,46.295,46.235,0.0001,0
26.09.2016 04:49:48.261,46.305,46.245,0.0001,0
26.09.2016 04:50:01.547,46.32,46.26,0.0001,0
26.09.2016 04:50:04.728,46.325,46.265,0.0001,0
26.09.2016 04:51:06.119,46.32,46.26,0.0001,0
26.09.2016 04:51:22.516,46.325,46.265,0.0001,0
26.09.2016 04:52:15.164,46.32,46.26,0.0001,0
26.09.2016 04:52:17.667,46.315,46.255,0.0001,0
26.09.2016 04:52:28.385,46.305,46.245,0.0001,0
26.09.2016 04:52:58.201,46.31,46.25,0.0001,0
26.09.2016 04:53:09.116,46.315,46.255,0.0001,0
26.09.2016 04:54:17.374,46.31,46.25,0.0001,0
26.09.2016 04:55:21.133,46.305,46.245,0.0001,0
26.09.2016 04:55:37.746,46.31,46.25,0.0001,0
26.09.2016 04:55:38.246,46.305,46.245,0.0001,0
26.09.2016 04:56:04.670,46.295,46.235,0.0001,0
26.09.2016 04:58:00.386,46.300000000000004,46.24,0.0001,0
26.09.2016 04:58:00.793,46.295,46.235,0.0001,0
26.09.2016 04:58:01.123,46.305,46.245,0.0001,0
26.09.2016 04:58:07.595,46.31,46.25,0.0001,0
26.09.2016 04:58:25.410,46.315,46.255,0.0001,0
26.09.2016 04:58:45.743,46.31,46.25,0.0001,0
26.09.2016 04:59:00.257,46.305,46.245,0.0001,0
26.09.2016 04:59:49.707,46.31,46.25,0.0001,0
26.09.2016 04:59:56.514,46.305,46.245,0.0001,0
26.09.2016 05:00:41.876,46.295,46.235,0.0001,0
26.09.2016 05:02:23.173,46.300000000000004,46.24,0.0001,0
26.09.2016 05:02:23.673,46.305,46.245,0.0001,0
26.09.2016 05:02:27.584,46.31,46.25,0.0001,0
26.09.2016 05:02:44.703,46.315,46.255,0.0001,0
26.09.2016 05:03:00.722,46.31,46.25,0.0001,0
26.09.2016 05:06:04.299,46.305,46.245,0.0001,0
26.09.2016 05:07:16.775,46.31,46.25,0.0001,0
26.09.2016 05:07:34.837,46.305,46.245,0.0001,0
26.09.2016 05:09:09.717,46.295,46.235,0.0001,0
26.09.2016 05:10:13.599,46.300000000000004,46.24,0.0001,0
26.09.2016 05:10:22.611,46.305,46.245,0.0001,0
26.09.2016 05:10:30.222,46.300000000000004,46.24,0.0001,0
26.09.2016 05:10:39.134,46.305,46.245,0.0001,0
26.09.2016 05:10:53.771,46.300000000000004,46.24,0.0001,0
26.09.2016 05:11:11.178,46.305,46.245,0.0001,0
26.09.2016 05:13:30.682,46.31,46.25,0.0001,0
26.09.2016 05:13:56.727,46.305,46.245,0.0001,0
26.09.2016 05:13:57.269,46.31,46.25,0.0001,0
26.09.2016 05:14:25.550,46.305,46.245,0.0001,0
26.09.2016 05:14:56.194,46.31,46.25,0.0001,0
26.09.2016 05:14:56.797,46.305,46.245,0.0001,0
26.09.2016 05:15:05.507,46.31,46.25,0.0001,0
26.09.2016 05:15:27.936,46.305,46.245,0.0001,0
26.09.2016 05:25:12.418,46.300000000000004,46.24,0.0001,0
26.09.2016 05:25:18.523,46.295,46.235,0.0001,0
26.09.2016 05:25:35.247,46.300000000000004,46.24,0.0001,0
26.09.2016 05:26:32.029,46.295,46.235,0.0001,0
26.09.2016 05:26:37.227,46.295,46.235,0.0001,0
26.09.2016 05:27:11.070,46.300000000000004,46.24,0.0001,0
26.09.2016 05:27:36.604,46.305,46.245,0.0001,0
26.09.2016 05:28:04.344,46.295,46.235,0.0001,0
26.09.2016 05:28:40.411,46.315,46.215,0.0001,0
26.09.2016 05:29:23.343,46.295,46.235,0.0001,0
26.09.2016 05:30:35.237,46.300000000000004,46.24,0.0001,0
26.09.2016 05:30:49.253,46.295,46.235,0.0001,0
26.09.2016 05:31:01.972,46.29,46.230000000000004,0.0001,0
26.09.2016 05:31:13.590,46.285000000000004,46.225,0.0001,0
26.09.2016 05:33:20.454,46.285000000000004,46.225,0.0001,0
26.09.2016 05:34:36.754,46.300000000000004,46.24,0.0001,0
26.09.2016 05:34:54.179,46.295,46.235,0.0001,0
26.09.2016 05:35:19.532,46.29,46.230000000000004,0.0001,0
26.09.2016 05:35:21.843,46.295,46.235,0.0001,0
26.09.2016 05:35:23.822,46.29,46.230000000000004,0.0001,0
26.09.2016 05:35:57.772,46.295,46.235,0.0001,0
26.09.2016 05:36:12.890,46.29,46.230000000000004,0.0001,0
26.09.2016 05:36:42.130,46.295,46.235,0.0001,0
26.09.2016 05:37:35.603,46.29,46.230000000000004,0.0001,0
26.09.2016 05:37:35.935,46.285000000000004,46.225,0.0001,0
26.09.2016 05:39:22.544,46.285000000000004,46.225,0.0001,0
26.09.2016 05:39:23.556,46.275,46.215,0.0001,0
26.09.2016 05:39:34.459,46.28,46.22,0.0001,0
26.09.2016 05:40:28.934,46.275,46.215,0.0001,0
26.09.2016 05:40:29.332,46.265,46.205,0.0001,0
26.09.2016 05:42:40.504,46.26,46.2,0.0001,0
26.09.2016 05:42:53.319,46.265,46.205,0.0001,0
26.09.2016 05:43:03.232,46.26,46.2,0.0001,0
26.09.2016 05:44:02.819,46.265,46.205,0.0001,0
26.09.2016 05:44:21.234,46.26,46.2,0.0001,0
26.09.2016 05:44:21.535,46.265,46.205,0.0001,0
26.09.2016 05:45:02.896,46.255,46.195,0.0001,0
26.09.2016 05:45:10.204,46.245,46.185,0.0001,0
26.09.2016 05:46:10.016,46.235,46.175000000000004,0.0001,0
26.09.2016 05:46:15.190,46.24,46.18,0.0001,0
26.09.2016 05:46:18.224,46.235,46.175000000000004,0.0001,0
26.09.2016 05:49:33.172,46.24,46.18,0.0001,0
26.09.2016 05:49:39.291,46.235,46.175000000000004,0.0001,0
26.09.2016 05:49:43.177,46.24,46.18,0.0001,0
26.09.2016 05:49:57.321,46.235,46.175000000000004,0.0001,0
26.09.2016 05:51:05.190,46.24,46.18,0.0001,0
26.09.2016 05:51:30.719,46.235,46.175000000000004,0.0001,0
26.09.2016 05:52:20.585,46.245,46.185,0.0001,0
26.09.2016 05:53:28.473,46.255,46.195,0.0001,0
26.09.2016 05:53:35.279,46.275,46.215,0.0001,0
26.09.2016 05:53:51.001,46.285000000000004,46.225,0.0001,0
26.09.2016 05:53:57.709,46.275,46.215,0.0001,0
26.09.2016 05:54:20.438,46.285000000000004,46.225,0.0001,0
26.09.2016 05:54:22.557,46.300000000000004,46.24,0.0001,0
26.09.2016 05:54:26.146,46.29,46.230000000000004,0.0001,0
26.09.2016 05:54:27.648,46.285000000000004,46.225,0.0001,0
26.09.2016 05:54:28.749,46.295,46.235,0.0001,0
26.09.2016 05:54:29.150,46.305,46.245,0.0001,0
26.09.2016 05:54:30.151,46.300000000000004,46.24,0.0001,0
26.09.2016 05:54:55.204,46.295,46.235,0.0001,0
26.09.2016 05:55:21.329,46.29,46.230000000000004,0.0001,0
26.09.2016 05:55:37.841,46.285000000000004,46.225,0.0001,0
26.09.2016 05:56:30.711,46.28,46.22,0.0001,0
26.09.2016 05:56:37.216,46.275,46.215,0.0001,0
26.09.2016 05:56:37.707,46.265,46.205,0.0001,0
26.09.2016 05:56:50.133,46.275,46.215,0.0001,0
26.09.2016 05:56:54.138,46.285000000000004,46.225,0.0001,0
26.09.2016 05:57:11.560,46.275,46.215,0.0001,0
26.09.2016 05:57:36.293,46.285000000000004,46.225,0.0001,0
26.09.2016 05:58:26.161,46.275,46.215,0.0001,0
26.09.2016 05:58:42.180,46.285000000000004,46.225,0.0001,0
26.09.2016 05:58:59.804,46.275,46.215,0.0001,0
26.09.2016 05:59:06.313,46.27,46.21,0.0001,0
26.09.2016 05:59:17.727,46.265,46.205,0.0001,0
26.09.2016 05:59:34.148,46.26,46.2,0.0001,0
26.09.2016 05:59:53.690,46.255,46.195,0.0001,0
26.09.2016 06:01:55.012,46.265,46.205,0.0001,0
26.09.2016 06:03:54.623,46.275,46.215,0.0001,0
26.09.2016 06:04:40.083,46.27,46.21,0.0001,0
26.09.2016 06:04:46.534,46.265,46.205,0.0001,0
26.09.2016 06:04:47.144,46.255,46.195,0.0001,0
26.09.2016 06:04:47.475,46.25,46.19,0.0001,0
26.09.2016 06:04:56.802,46.255,46.195,0.0001,0
26.09.2016 06:07:07.818,46.255,46.175000000000004,0.0001,0
26.09.2016 06:07:11.593,46.265,46.165,0.0001,0
26.09.2016 06:07:49.464,46.245,46.185,0.0001,0
26.09.2016 06:08:01.044,46.255,46.195,0.0001,0
26.09.2016 06:08:02.846,46.265,46.205,0.0001,0
26.09.2016 06:08:06.149,46.255,46.195,0.0001,0
26.09.2016 06:10:13.916,46.26,46.2,0.0001,0
26.09.2016 06:11:08.991,46.265,46.205,0.0001,0
26.09.2016 06:11:18.105,46.27,46.21,0.0001,0
26.09.2016 06:11:19.542,46.275,46.215,0.0001,0
26.09.2016 06:11:30.522,46.27,46.21,0.0001,0
26.09.2016 06:13:49.921,46.265,46.205,0.0001,0
26.09.2016 06:14:01.932,46.26,46.2,0.0001,0
26.09.2016 06:14:03.137,46.27,46.21,0.0001,0
26.09.2016 06:14:05.135,46.265,46.205,0.0001,0
26.09.2016 06:14:14.048,46.27,46.21,0.0001,0
26.09.2016 06:14:20.983,46.275,46.215,0.0001,0
26.09.2016 06:15:32.554,46.27,46.21,0.0001,0
26.09.2016 06:15:40.964,46.275,46.215,0.0001,0
26.09.2016 06:15:44.867,46.27,46.21,0.0001,0
26.09.2016 06:15:53.379,46.275,46.215,0.0001,0
26.09.2016 06:16:14.609,46.28,46.22,0.0001,0
26.09.2016 06:16:21.817,46.275,46.215,0.0001,0
26.09.2016 06:16:46.251,46.28,46.22,0.0001,0
26.09.2016 06:16:50.854,46.275,46.215,0.0001,0
26.09.2016 06:17:02.186,46.28,46.22,0.0001,0
26.09.2016 06:17:17.487,46.29,46.230000000000004,0.0001,0
26.09.2016 06:17:17.843,46.285000000000004,46.225,0.0001,0
26.09.2016 06:17:36.612,46.29,46.230000000000004,0.0001,0
26.09.2016 06:17:55.136,46.295,46.235,0.0001,0
26.09.2016 06:18:40.802,46.29,46.230000000000004,0.0001,0
26.09.2016 06:21:32.124,46.285000000000004,46.225,0.0001,0
26.09.2016 06:21:39.932,46.295,46.235,0.0001,0
26.09.2016 06:21:50.165,46.300000000000004,46.24,0.0001,0
26.09.2016 06:23:25.967,46.305,46.245,0.0001,0
26.09.2016 06:24:10.229,46.300000000000004,46.24,0.0001,0
26.09.2016 06:25:28.348,46.305,46.245,0.0001,0
26.09.2016 06:27:23.896,46.300000000000004,46.24,0.0001,0
26.09.2016 06:27:24.396,46.305,46.245,0.0001,0
26.09.2016 06:27:30.201,46.300000000000004,46.24,0.0001,0
26.09.2016 06:27:44.231,46.305,46.245,0.0001,0
26.09.2016 06:28:21.070,46.31,46.25,0.0001,0
26.09.2016 06:28:32.582,46.315,46.255,0.0001,0
26.09.2016 06:28:52.611,46.31,46.25,0.0001,0
26.09.2016 06:29:07.537,46.305,46.245,0.0001,0
26.09.2016 06:29:08.431,46.315,46.255,0.0001,0
26.09.2016 06:29:39.171,46.305,46.245,0.0001,0
26.09.2016 06:29:51.086,46.315,46.255,0.0001,0
26.09.2016 06:30:36.945,46.31,46.25,0.0001,0
26.09.2016 06:31:42.638,46.305,46.245,0.0001,0
26.09.2016 06:31:55.347,46.31,46.25,0.0001,0
26.09.2016 06:31:55.947,46.305,46.245,0.0001,0
26.09.2016 06:32:01.258,46.31,46.25,0.0001,0
26.09.2016 06:32:03.373,46.305,46.245,0.0001,0
26.09.2016 06:32:04.561,46.31,46.25,0.0001,0
26.09.2016 06:32:07.966,46.315,46.255,0.0001,0
26.09.2016 06:32:12.472,46.31,46.25,0.0001,0
26.09.2016 06:32:46.427,46.315,46.255,0.0001,0
26.09.2016 06:33:24.188,46.31,46.25,0.0001,0
26.09.2016 06:33:37.185,46.32,46.26,0.0001,0
26.09.2016 06:33:39.700,46.315,46.255,0.0001,0
26.09.2016 06:33:42.012,46.32,46.26,0.0001,0
26.09.2016 06:33:43.392,46.315,46.255,0.0001,0
26.09.2016 06:33:45.093,46.32,46.26,0.0001,0
26.09.2016 06:33:48.497,46.315,46.255,0.0001,0
26.09.2016 06:34:03.949,46.325,46.265,0.0001,0
26.09.2016 06:34:11.025,46.32,46.26,0.0001,0
26.09.2016 06:34:23.944,46.325,46.265,0.0001,0
26.09.2016 06:34:30.655,46.32,46.26,0.0001,0
26.09.2016 06:34:31.027,46.315,46.255,0.0001,0
26.09.2016 06:35:13.327,46.32,46.26,0.0001,0
26.09.2016 06:35:41.197,46.315,46.255,0.0001,0
26.09.2016 06:35:41.808,46.32,46.26,0.0001,0
26.09.2016 06:35:45.385,46.315,46.255,0.0001,0
26.09.2016 06:35:46.687,46.32,46.26,0.0001,0
26.09.2016 06:36:05.506,46.31,46.25,0.0001,0
26.09.2016 06:36:25.227,46.315,46.255,0.0001,0
26.09.2016 06:36:30.234,46.31,46.25,0.0001,0
26.09.2016 06:36:41.149,46.305,46.245,0.0001,0
26.09.2016 06:37:28.605,46.31,46.25,0.0001,0
26.09.2016 06:38:00.157,46.305,46.245,0.0001,0
26.09.2016 06:38:17.175,46.315,46.255,0.0001,0
26.09.2016 06:39:27.875,46.32,46.26,0.0001,0
26.09.2016 06:39:28.676,46.315,46.255,0.0001,0
26.09.2016 06:39:34.886,46.32,46.26,0.0001,0
26.09.2016 06:39:49.205,46.325,46.265,0.0001,0
26.09.2016 06:40:03.328,46.315,46.255,0.0001,0
26.09.2016 06:40:03.929,46.32,46.26,0.0001,0
26.09.2016 06:40:07.838,46.325,46.265,0.0001,0
26.09.2016 06:40:11.743,46.32,46.26,0.0001,0
26.09.2016 06:40:13.245,46.325,46.265,0.0001,0
26.09.2016 06:40:19.558,46.32,46.26,0.0001,0
26.09.2016 06:40:21.171,46.315,46.255,0.0001,0
26.09.2016 06:40:30.087,46.32,46.26,0.0001,0
26.09.2016 06:40:33.874,46.315,46.255,0.0001,0
26.09.2016 06:40:43.683,46.32,46.26,0.0001,0
26.09.2016 06:41:10.412,46.325,46.265,0.0001,0
26.09.2016 06:41:12.515,46.315,46.255,0.0001,0
26.09.2016 06:42:32.929,46.32,46.26,0.0001,0
26.09.2016 06:42:40.465,46.325,46.265,0.0001,0
26.09.2016 06:42:54.248,46.315,46.255,0.0001,0
26.09.2016 06:44:31.695,46.34,46.28,0.0001,0
26.09.2016 06:44:32.687,46.345,46.285000000000004,0.0001,0
26.09.2016 06:44:42.069,46.335,46.275,0.0001,0
26.09.2016 06:44:46.523,46.355000000000004,46.295,0.0001,0
26.09.2016 06:44:46.955,46.36,46.300000000000004,0.0001,0
26.09.2016 06:44:49.678,46.38,46.32,0.0001,0
26.09.2016 06:44:50.000,46.385,46.325,0.0001,0
26.09.2016 06:44:50.319,46.39,46.33,0.0001,0
26.09.2016 06:45:03.597,46.395,46.335,0.0001,0
26.09.2016 06:45:06.999,46.385,46.325,0.0001,0
26.09.2016 06:45:07.515,46.39,46.33,0.0001,0
26.09.2016 06:45:21.833,46.385,46.325,0.0001,0
26.09.2016 06:45:34.953,46.39,46.33,0.0001,0
26.09.2016 06:45:43.964,46.395,46.315,0.0001,0
26.09.2016 06:45:44.164,46.405,46.305,0.0001,0
26.09.2016 06:45:55.994,46.385,46.325,0.0001,0
26.09.2016 06:46:40.047,46.38,46.32,0.0001,0
26.09.2016 06:46:40.420,46.375,46.315,0.0001,0
26.09.2016 06:46:40.862,46.38,46.32,0.0001,0
26.09.2016 06:46:46.454,46.375,46.315,0.0001,0
26.09.2016 06:46:48.591,46.37,46.31,0.0001,0
26.09.2016 06:47:10.179,46.365,46.305,0.0001,0
26.09.2016 06:47:38.813,46.37,46.31,0.0001,0
26.09.2016 06:47:52.674,46.375,46.315,0.0001,0
26.09.2016 06:47:53.284,46.385,46.325,0.0001,0
26.09.2016 06:47:57.648,46.38,46.32,0.0001,0
26.09.2016 06:48:09.648,46.375,46.315,0.0001,0
26.09.2016 06:48:33.374,46.37,46.31,0.0001,0
26.09.2016 06:48:49.688,46.365,46.305,0.0001,0
26.09.2016 06:48:58.498,46.36,46.300000000000004,0.0001,0
26.09.2016 06:48:58.844,46.365,46.305,0.0001,0
26.09.2016 06:49:12.214,46.36,46.300000000000004,0.0001,0
26.09.2016 06:50:46.364,46.355000000000004,46.295,0.0001,0
26.09.2016 06:51:05.990,46.35,46.29,0.0001,0
26.09.2016 06:51:07.192,46.355000000000004,46.295,0.0001,0
26.09.2016 06:51:08.493,46.35,46.29,0.0001,0
26.09.2016 06:51:14.800,46.355000000000004,46.295,0.0001,0
26.09.2016 06:51:15.201,46.36,46.300000000000004,0.0001,0
26.09.2016 06:51:29.728,46.355000000000004,46.295,0.0001,0
26.09.2016 06:51:39.740,46.365,46.305,0.0001,0
26.09.2016 06:51:51.689,46.355000000000004,46.295,0.0001,0
26.09.2016 06:51:52.457,46.35,46.29,0.0001,0
26.09.2016 06:51:59.568,46.345,46.285000000000004,0.0001,0
26.09.2016 06:52:00.004,46.34,46.28,0.0001,0
26.09.2016 06:52:10.182,46.345,46.285000000000004,0.0001,0
26.09.2016 06:52:15.789,46.35,46.29,0.0001,0
26.09.2016 06:52:27.215,46.355000000000004,46.295,0.0001,0
26.09.2016 06:52:59.949,46.365,46.305,0.0001,0
26.09.2016 06:53:08.977,46.36,46.300000000000004,0.0001,0
26.09.2016 06:53:12.464,46.355000000000004,46.295,0.0001,0
26.09.2016 06:54:03.929,46.36,46.300000000000004,0.0001,0
26.09.2016 06:54:18.884,46.365,46.305,0.0001,0
26.09.2016 06:56:28.892,46.375,46.315,0.0001,0
26.09.2016 06:56:43.404,46.37,46.31,0.0001,0
26.09.2016 06:57:54.393,46.375,46.315,0.0001,0
26.09.2016 06:57:59.999,46.38,46.32,0.0001,0
26.09.2016 06:58:36.044,46.375,46.315,0.0001,0
26.09.2016 06:58:58.259,46.37,46.31,0.0001,0
26.09.2016 06:59:16.279,46.375,46.315,0.0001,0
26.09.2016 06:59:30.291,46.38,46.32,0.0001,0
26.09.2016 06:59:33.094,46.375,46.315,0.0001,0
26.09.2016 06:59:40.602,46.37,46.31,0.0001,0
26.09.2016 06:59:50.986,46.38,46.32,0.0001,0
26.09.2016 06:59:52.188,46.375,46.315,0.0001,0
26.09.2016 06:59:55.792,46.38,46.32,0.0001,0
26.09.2016 07:00:02.211,46.375,46.315,0.0001,0
26.09.2016 07:00:14.757,46.37,46.31,0.0001,0
26.09.2016 07:00:15.392,46.365,46.31,0,0
26.09.2016 07:00:21.173,46.365,46.305,0,0.0001
26.09.2016 07:00:24.891,46.365,46.315,0,0
26.09.2016 07:00:32.417,46.375,46.315,0,0.0001
26.09.2016 07:00:32.663,46.37,46.315,0,0
26.09.2016 07:00:33.144,46.37,46.31,0,0.0001
26.09.2016 07:00:33.519,46.365,46.31,0,0
26.09.2016 07:00:38.627,46.37,46.31,0,0.0001
26.09.2016 07:00:38.932,46.365,46.31,0,0
26.09.2016 07:00:42.672,46.37,46.31,0,0.0001
26.09.2016 07:00:45.752,46.37,46.315,0,0
26.09.2016 07:00:55.157,46.375,46.315,0,0.0001
26.09.2016 07:00:57.742,46.37,46.315,0,0
26.09.2016 07:01:07.783,46.37,46.31,0,0.0001
26.09.2016 07:01:12.732,46.37,46.315,0,0
26.09.2016 07:01:15.296,46.375,46.315,0,0.0001
26.09.2016 07:01:15.681,46.375,46.32,0,0
26.09.2016 07:01:16.298,46.38,46.32,0,0.0001
26.09.2016 07:01:16.781,46.375,46.32,0,0
26.09.2016 07:01:29.939,46.375,46.315,0,0.0001
26.09.2016 07:02:07.495,46.37,46.315,0,0
26.09.2016 07:02:08.600,46.37,46.32,0,0
26.09.2016 07:02:13.704,46.38,46.33,0,0
26.09.2016 07:02:14.806,46.38,46.325,0,0
26.09.2016 07:02:14.870,46.385,46.33,0,0
26.09.2016 07:02:14.980,46.385,46.325,0,0.0001
26.09.2016 07:02:15.860,46.385,46.33,0,0
26.09.2016 07:02:17.010,46.39,46.33,0,0.0001
26.09.2016 07:02:17.951,46.385,46.33,0,0
26.09.2016 07:02:28.372,46.385,46.325,0,0.0001
26.09.2016 07:02:45.129,46.385,46.33,0,0
26.09.2016 07:02:46.651,46.39,46.33,0,0.0001
26.09.2016 07:02:47.329,46.39,46.335,0,0
26.09.2016 07:02:48.856,46.395,46.335,0,0.0001
26.09.2016 07:02:49.529,46.39,46.335,0,0
26.09.2016 07:02:49.759,46.39,46.33,0,0.0001
26.09.2016 07:02:50.299,46.385,46.33,0,0
26.09.2016 07:02:55.139,46.39,46.33,0,0.0001
26.09.2016 07:02:55.249,46.385,46.33,0,0
26.09.2016 07:02:56.172,46.385,46.325,0,0.0001
26.09.2016 07:03:05.283,46.385,46.335,0,0
26.09.2016 07:03:06.402,46.395,46.335,0,0.0001
26.09.2016 07:03:31.727,46.395,46.35,0,0
26.09.2016 07:03:32.658,46.410000000000004,46.355000000000004,0,0
26.09.2016 07:03:33.572,46.415,46.36,0,0
26.09.2016 07:03:33.730,46.415,46.365,0,0
26.09.2016 07:03:34.968,46.425000000000004,46.365,0,0.0001
26.09.2016 07:03:35.634,46.425000000000004,46.38,0,0
26.09.2016 07:03:36.728,46.44,46.38,0,0.0001
26.09.2016 07:03:42.668,46.44,46.385,0,0
26.09.2016 07:03:49.853,46.445,46.385,0,0.0001
26.09.2016 07:03:50.499,46.435,46.385,0,0
26.09.2016 07:03:53.358,46.435,46.375,0,0.0001
26.09.2016 07:03:53.460,46.43,46.375,0,0
26.09.2016 07:03:55.647,46.425000000000004,46.37,0,0
26.09.2016 07:03:57.669,46.425000000000004,46.365,0,0.0001
26.09.2016 07:03:58.727,46.425000000000004,46.375,0,0
26.09.2016 07:04:09.186,46.435,46.375,0,0.0001
26.09.2016 07:04:14.677,46.435,46.385,0,0
26.09.2016 07:04:30.206,46.445,46.385,0,0.0001
26.09.2016 07:04:42.653,46.435,46.385,0,0
26.09.2016 07:04:48.330,46.435,46.375,0,0.0001
26.09.2016 07:04:48.831,46.435,46.38,0,0
26.09.2016 07:04:49.006,46.44,46.38,0,0.0001
26.09.2016 07:04:49.996,46.435,46.38,0,0
26.09.2016 07:05:00.497,46.435,46.375,0,0.0001
26.09.2016 07:05:18.073,46.43,46.375,0,0
26.09.2016 07:05:22.825,46.435,46.375,0,0.0001
26.09.2016 07:05:23.903,46.435,46.38,0,0
26.09.2016 07:05:25.550,46.44,46.385,0,0
26.09.2016 07:05:35.722,46.445,46.385,0,0.0001
26.09.2016 07:05:39.728,46.44,46.385,0,0
26.09.2016 07:05:40.278,46.435,46.38,0,0
26.09.2016 07:05:45.834,46.435,46.375,0,0.0001
26.09.2016 07:05:46.135,46.435,46.38,0,0
26.09.2016 07:05:46.547,46.44,46.385,0,0
26.09.2016 07:05:48.527,46.44,46.38,0,0.0001
26.09.2016 07:05:50.546,46.44,46.385,0,0
26.09.2016 07:05:54.663,46.445,46.385,0,0.0001
26.09.2016 07:05:55.254,46.44,46.385,0,0
26.09.2016 07:06:06.369,46.445,46.385,0,0.0001
26.09.2016 07:06:50.842,46.445,46.385,0.0001,0
26.09.2016 07:06:58.727,46.435,46.385,0,0
26.09.2016 07:07:02.245,46.435,46.375,0,0.0001
26.09.2016 07:07:02.566,46.435,46.385,0,0
26.09.2016 07:07:03.847,46.445,46.385,0,0.0001
26.09.2016 07:07:05.115,46.44,46.385,0,0
26.09.2016 07:07:06.455,46.44,46.38,0,0.0001
26.09.2016 07:07:06.952,46.44,46.385,0,0
26.09.2016 07:07:07.953,46.44,46.38,0,0.0001
26.09.2016 07:07:08.615,46.435,46.38,0,0
26.09.2016 07:07:13.459,46.435,46.385,0,0
26.09.2016 07:07:14.785,46.44,46.385,0,0
26.09.2016 07:07:15.411,46.44,46.38,0,0.0001
26.09.2016 07:07:15.708,46.435,46.38,0,0
26.09.2016 07:07:16.765,46.44,46.38,0,0.0001
26.09.2016 07:07:20.285,46.44,46.385,0,0
26.09.2016 07:07:29.634,46.445,46.385,0,0.0001
26.09.2016 07:07:30.209,46.44,46.385,0,0
26.09.2016 07:07:30.405,46.44,46.38,0,0.0001
26.09.2016 07:07:38.922,46.44,46.385,0,0
26.09.2016 07:07:39.095,46.445,46.385,0,0.0001
26.09.2016 07:07:40.085,46.44,46.385,0,0
26.09.2016 07:07:45.131,46.44,46.38,0,0.0001
26.09.2016 07:07:45.585,46.44,46.385,0,0
26.09.2016 07:07:56.250,46.445,46.385,0,0.0001
26.09.2016 07:08:19.384,46.44,46.385,0,0
26.09.2016 07:08:19.684,46.44,46.38,0,0.0001
26.09.2016 07:08:26.492,46.435,46.38,0,0
26.09.2016 07:08:26.613,46.435,46.375,0,0.0001
26.09.2016 07:08:27.731,46.435,46.38,0,0
26.09.2016 07:08:32.550,46.44,46.38,0,0.0001
26.09.2016 07:08:35.504,46.435,46.38,0,0
26.09.2016 07:08:40.613,46.435,46.375,0,0.0001
26.09.2016 07:08:42.623,46.435,46.38,0,0
26.09.2016 07:08:47.683,46.435,46.375,0,0.0001
26.09.2016 07:08:50.424,46.435,46.38,0,0
26.09.2016 07:08:52.743,46.44,46.38,0,0.0001
26.09.2016 07:09:02.767,46.435,46.38,0,0
26.09.2016 07:09:13.456,46.435,46.375,0,0.0001
26.09.2016 07:09:15.677,46.435,46.38,0,0
26.09.2016 07:09:25.752,46.435,46.375,0,0.0001
26.09.2016 07:09:26.412,46.435,46.38,0,0
26.09.2016 07:09:28.289,46.44,46.38,0,0.0001
26.09.2016 07:09:28.502,46.435,46.38,0,0
26.09.2016 07:09:41.702,46.435,46.375,0,0.0001
26.09.2016 07:09:45.333,46.435,46.38,0,0
26.09.2016 07:09:47.709,46.44,46.38,0,0.0001
26.09.2016 07:09:47.972,46.435,46.38,0,0
26.09.2016 07:09:59.323,46.435,46.375,0,0.0001
26.09.2016 07:10:02.614,46.435,46.385,0,0
26.09.2016 07:10:08.350,46.44,46.385,0,0
26.09.2016 07:10:09.544,46.435,46.38,0,0
26.09.2016 07:10:18.555,46.435,46.375,0,0.0001
26.09.2016 07:10:27.033,46.435,46.385,0,0
26.09.2016 07:10:30.113,46.435,46.375,0,0.0001
26.09.2016 07:10:57.815,46.435,46.38,0,0
26.09.2016 07:10:58.052,46.44,46.385,0,0
26.09.2016 07:11:09.431,46.445,46.385,0,0.0001
26.09.2016 07:11:09.712,46.435,46.385,0,0
26.09.2016 07:11:24.757,46.435,46.38,0,0
26.09.2016 07:11:25.672,46.44,46.385,0,0
26.09.2016 07:11:34.667,46.445,46.385,0,0.0001
26.09.2016 07:11:35.022,46.44,46.385,0,0
26.09.2016 07:11:49.188,46.44,46.38,0,0.0001
26.09.2016 07:11:51.190,46.435,46.38,0,0
26.09.2016 07:11:54.822,46.435,46.375,0,0.0001
26.09.2016 07:12:38.839,46.43,46.375,0,0
26.09.2016 07:12:55.122,46.43,46.37,0.0001,0
26.09.2016 07:12:55.660,46.43,46.38,0,0
26.09.2016 07:12:57.157,46.435,46.38,0,0
26.09.2016 07:12:57.530,46.435,46.375,0,0.0001
26.09.2016 07:13:11.173,46.43,46.375,0,0
26.09.2016 07:13:11.574,46.435,46.375,0,0.0001
26.09.2016 07:13:14.919,46.435,46.38,0,0
26.09.2016 07:13:52.318,46.43,46.38,0,0
26.09.2016 07:13:54.859,46.425000000000004,46.37,0,0
26.09.2016 07:14:05.434,46.425000000000004,46.365,0,0.0001
26.09.2016 07:14:07.618,46.42,46.365,0,0
26.09.2016 07:14:21.452,46.42,46.36,0,0.0001
26.09.2016 07:14:22.688,46.415,46.36,0,0
26.09.2016 07:14:37.802,46.415,46.355000000000004,0,0.0001
26.09.2016 07:14:42.997,46.39,46.355000000000004,0,0
26.09.2016 07:14:43.474,46.38,46.355000000000004,0,0
26.09.2016 07:14:44.687,46.37,46.355000000000004,0,0
26.09.2016 07:14:45.578,46.37,46.315,0,0
26.09.2016 07:14:45.798,46.365,46.31,0,0
26.09.2016 07:14:50.184,46.365,46.305,0,0.0001
26.09.2016 07:14:50.428,46.355000000000004,46.305,0,0
26.09.2016 07:14:50.584,46.355000000000004,46.295,0,0.0001
26.09.2016 07:14:52.986,46.355000000000004,46.300000000000004,0,0
26.09.2016 07:14:55.587,46.36,46.300000000000004,0,0.0001
26.09.2016 07:14:56.137,46.36,46.305,0,0
26.09.2016 07:14:57.213,46.365,46.305,0,0.0001
26.09.2016 07:14:58.117,46.365,46.31,0,0
26.09.2016 07:14:58.593,46.37,46.31,0,0.0001
26.09.2016 07:14:59.217,46.365,46.31,0,0
26.09.2016 07:15:04.503,46.36,46.305,0,0
26.09.2016 07:15:04.629,46.365,46.305,0,0.0001
26.09.2016 07:15:05.003,46.36,46.305,0,0
26.09.2016 07:15:05.204,46.365,46.305,0,0.0001
26.09.2016 07:15:05.709,46.36,46.305,0,0
26.09.2016 07:15:09.119,46.365,46.305,0,0.0001
26.09.2016 07:15:09.999,46.355000000000004,46.305,0,0
26.09.2016 07:15:13.614,46.355000000000004,46.295,0,0.0001
26.09.2016 07:15:14.315,46.355000000000004,46.305,0,0
26.09.2016 07:15:15.194,46.365,46.305,0,0.0001
26.09.2016 07:15:15.389,46.36,46.305,0,0
26.09.2016 07:15:17.019,46.355000000000004,46.300000000000004,0,0
26.09.2016 07:15:17.504,46.355000000000004,46.295,0,0.0001
26.09.2016 07:15:18.578,46.345,46.295,0,0
26.09.2016 07:15:20.523,46.345,46.285000000000004,0,0.0001
26.09.2016 07:15:21.424,46.34,46.285000000000004,0,0
26.09.2016 07:15:22.810,46.34,46.28,0,0.0001
26.09.2016 07:15:22.932,46.34,46.285000000000004,0,0
26.09.2016 07:15:25.780,46.345,46.285000000000004,0,0.0001
26.09.2016 07:15:28.828,46.34,46.285000000000004,0,0
26.09.2016 07:15:29.140,46.34,46.28,0,0.0001
26.09.2016 07:15:29.776,46.34,46.285000000000004,0,0
26.09.2016 07:15:31.842,46.345,46.285000000000004,0,0.0001
26.09.2016 07:15:32.728,46.335,46.285000000000004,0,0
26.09.2016 07:15:39.551,46.335,46.28,0,0
26.09.2016 07:15:39.878,46.34,46.285000000000004,0,0
26.09.2016 07:15:40.453,46.335,46.285000000000004,0,0
26.09.2016 07:15:42.355,46.34,46.285000000000004,0,0
26.09.2016 07:15:43.957,46.345,46.285000000000004,0,0.0001
26.09.2016 07:15:45.615,46.335,46.285000000000004,0,0
26.09.2016 07:15:57.568,46.335,46.275,0,0.0001
26.09.2016 07:16:19.792,46.335,46.29,0,0
26.09.2016 07:16:20.027,46.345,46.29,0,0
26.09.2016 07:16:33.207,46.345,46.285000000000004,0,0.0001
26.09.2016 07:16:45.020,46.34,46.285000000000004,0,0
26.09.2016 07:17:12.740,46.34,46.29,0,0
26.09.2016 07:17:13.650,46.35,46.295,0,0
26.09.2016 07:17:14.716,46.355000000000004,46.295,0,0.0001
26.09.2016 07:17:15.451,46.35,46.295,0,0
26.09.2016 07:17:15.718,46.345,46.29,0,0
26.09.2016 07:17:23.160,46.345,46.285000000000004,0,0.0001
26.09.2016 07:17:24.836,46.345,46.295,0,0
26.09.2016 07:17:27.464,46.355000000000004,46.295,0,0.0001
26.09.2016 07:17:27.610,46.35,46.295,0,0
26.09.2016 07:17:27.696,46.35,46.29,0,0.0001
26.09.2016 07:17:28.796,46.345,46.29,0,0
26.09.2016 07:17:40.199,46.345,46.285000000000004,0,0.0001
26.09.2016 07:18:29.060,46.345,46.285000000000004,0.0001,0
26.09.2016 07:18:36.358,46.34,46.28,0.0001,0
26.09.2016 07:18:52.734,46.34,46.29,0,0
26.09.2016 07:18:55.596,46.345,46.29,0,0
26.09.2016 07:18:55.927,46.345,46.285000000000004,0,0.0001
26.09.2016 07:18:56.694,46.34,46.285000000000004,0,0
26.09.2016 07:18:58.341,46.34,46.28,0,0.0001
26.09.2016 07:18:58.784,46.34,46.285000000000004,0,0
26.09.2016 07:19:06.043,46.34,46.28,0,0.0001
26.09.2016 07:19:06.410,46.34,46.285000000000004,0,0
26.09.2016 07:19:06.911,46.34,46.28,0,0.0001
26.09.2016 07:19:07.033,46.34,46.285000000000004,0,0
26.09.2016 07:19:08.024,46.34,46.28,0,0.0001
26.09.2016 07:19:14.923,46.335,46.28,0,0
26.09.2016 07:19:15.183,46.335,46.275,0,0.0001
26.09.2016 07:19:23.834,46.325,46.275,0,0
26.09.2016 07:19:25.071,46.325,46.265,0,0.0001
26.09.2016 07:19:47.874,46.32,46.265,0,0
26.09.2016 07:19:48.072,46.32,46.26,0,0.0001
26.09.2016 07:19:50.880,46.315,46.26,0,0
26.09.2016 07:19:52.482,46.32,46.26,0,0.0001
26.09.2016 07:20:05.007,46.315,46.26,0,0
26.09.2016 07:20:06.175,46.31,46.255,0,0
26.09.2016 07:20:10.613,46.31,46.25,0,0.0001
26.09.2016 07:20:11.215,46.305,46.25,0,0
26.09.2016 07:20:12.620,46.305,46.245,0,0.0001
26.09.2016 07:20:20.624,46.295,46.245,0,0
26.09.2016 07:20:24.939,46.29,46.235,0,0
26.09.2016 07:20:26.232,46.29,46.230000000000004,0,0.0001
26.09.2016 07:20:26.479,46.29,46.235,0,0
26.09.2016 07:20:26.732,46.295,46.235,0,0.0001
26.09.2016 07:20:27.478,46.295,46.24,0,0
26.09.2016 07:20:37.044,46.300000000000004,46.24,0,0.0001
26.09.2016 07:20:37.149,46.300000000000004,46.245,0,0
26.09.2016 07:20:49.860,46.305,46.245,0,0.0001
26.09.2016 07:20:54.749,46.305,46.255,0,0
26.09.2016 07:21:01.172,46.31,46.255,0,0
26.09.2016 07:21:05.538,46.305,46.25,0,0
26.09.2016 07:21:11.887,46.305,46.245,0,0.0001
26.09.2016 07:21:13.189,46.295,46.245,0,0
26.09.2016 07:21:14.191,46.300000000000004,46.245,0,0
26.09.2016 07:21:14.491,46.295,46.245,0,0
26.09.2016 07:21:14.717,46.300000000000004,46.245,0,0
26.09.2016 07:21:14.888,46.300000000000004,46.24,0,0.0001
26.09.2016 07:21:15.293,46.295,46.24,0,0
26.09.2016 07:21:15.593,46.300000000000004,46.24,0,0.0001
26.09.2016 07:21:15.706,46.295,46.24,0,0
26.09.2016 07:21:18.497,46.295,46.235,0,0.0001
26.09.2016 07:21:18.597,46.295,46.24,0,0
26.09.2016 07:21:18.738,46.300000000000004,46.24,0,0.0001
26.09.2016 07:21:19.498,46.295,46.24,0,0
26.09.2016 07:21:19.838,46.295,46.235,0,0.0001
26.09.2016 07:21:25.228,46.295,46.24,0,0
26.09.2016 07:21:37.431,46.300000000000004,46.24,0,0.0001
26.09.2016 07:21:40.418,46.295,46.24,0,0
26.09.2016 07:21:42.617,46.300000000000004,46.24,0,0.0001
26.09.2016 07:21:48.998,46.295,46.24,0,0
26.09.2016 07:21:52.737,46.300000000000004,46.24,0,0.0001
26.09.2016 07:21:58.764,46.295,46.24,0,0
26.09.2016 07:21:58.897,46.295,46.235,0,0.0001
26.09.2016 07:22:58.844,46.295,46.235,0,0
26.09.2016 07:23:00.590,46.300000000000004,46.24,0.0001,0
26.09.2016 07:23:00.747,46.300000000000004,46.24,0,0.0001
26.09.2016 07:23:01.567,46.300000000000004,46.245,0,0
26.09.2016 07:23:03.762,46.295,46.24,0,0
26.09.2016 07:23:04.563,46.300000000000004,46.245,0,0
26.09.2016 07:23:05.555,46.305,46.245,0,0.0001
26.09.2016 07:23:06.545,46.300000000000004,46.245,0,0
26.09.2016 07:23:16.682,46.300000000000004,46.24,0,0.0001
26.09.2016 07:23:20.435,46.295,46.24,0,0
26.09.2016 07:23:31.650,46.295,46.235,0,0.0001
26.09.2016 07:23:45.734,46.295,46.24,0,0
26.09.2016 07:23:55.138,46.300000000000004,46.24,0,0.0001
26.09.2016 07:23:55.414,46.295,46.24,0,0
26.09.2016 07:24:14.458,46.295,46.235,0,0.0001
26.09.2016 07:24:27.658,46.295,46.24,0,0
26.09.2016 07:24:27.709,46.300000000000004,46.245,0,0
26.09.2016 07:24:28.753,46.305,46.245,0,0.0001
26.09.2016 07:24:29.475,46.305,46.245,0,0
26.09.2016 07:24:33.080,46.305,46.245,0,0.0001
26.09.2016 07:24:33.381,46.305,46.25,0,0
26.09.2016 07:24:34.931,46.31,46.255,0,0
26.09.2016 07:24:48.200,46.315,46.255,0,0.0001
26.09.2016 07:25:03.915,46.315,46.265,0,0
26.09.2016 07:25:05.417,46.325,46.265,0,0.0001
26.09.2016 07:25:11.825,46.325,46.27,0,0
26.09.2016 07:25:12.641,46.33,46.275,0,0
26.09.2016 07:25:13.044,46.335,46.275,0,0.0001
26.09.2016 07:25:13.145,46.33,46.275,0,0
26.09.2016 07:25:25.141,46.335,46.275,0,0.0001
26.09.2016 07:25:35.591,46.325,46.275,0,0
26.09.2016 07:25:44.367,46.325,46.27,0,0
26.09.2016 07:25:46.880,46.33,46.275,0,0
26.09.2016 07:25:54.178,46.335,46.275,0,0.0001
26.09.2016 07:25:55.350,46.325,46.275,0,0
26.09.2016 07:26:00.886,46.325,46.27,0,0
26.09.2016 07:26:04.810,46.33,46.275,0,0
26.09.2016 07:26:06.366,46.335,46.275,0,0.0001
26.09.2016 07:26:32.066,46.335,46.28,0,0
26.09.2016 07:26:34.850,46.325,46.28,0,0
26.09.2016 07:26:42.639,46.325,46.265,0,0.0001
26.09.2016 07:27:09.301,46.325,46.275,0,0
26.09.2016 07:27:10.378,46.335,46.275,0,0.0001
26.09.2016 07:27:20.590,46.33,46.275,0,0
26.09.2016 07:27:22.598,46.325,46.27,0,0
26.09.2016 07:27:22.684,46.325,46.265,0,0.0001
26.09.2016 07:27:23.191,46.325,46.27,0,0
26.09.2016 07:27:26.888,46.33,46.27,0,0.0001
26.09.2016 07:27:28.868,46.325,46.27,0,0
26.09.2016 07:27:40.418,46.33,46.27,0,0.0001
26.09.2016 07:27:45.587,46.33,46.275,0,0
26.09.2016 07:27:57.223,46.335,46.275,0,0.0001
26.09.2016 07:27:57.650,46.33,46.275,0,0
26.09.2016 07:27:58.501,46.325,46.27,0,0
26.09.2016 07:28:16.543,46.325,46.265,0,0.0001
26.09.2016 07:28:34.560,46.32,46.265,0,0
26.09.2016 07:28:34.992,46.32,46.26,0,0.0001
26.09.2016 07:28:35.651,46.315,46.26,0,0
26.09.2016 07:28:48.196,46.315,46.255,0,0.0001
26.09.2016 07:28:52.079,46.305,46.255,0,0
26.09.2016 07:28:52.485,46.315,46.255,0,0.0001
26.09.2016 07:28:54.776,46.31,46.255,0,0
26.09.2016 07:28:55.163,46.315,46.255,0,0.0001
26.09.2016 07:29:30.216,46.305,46.255,0,0
26.09.2016 07:29:37.333,46.305,46.245,0,0.0001
26.09.2016 07:29:39.675,46.305,46.25,0,0
26.09.2016 07:29:40.236,46.31,46.25,0,0.0001
26.09.2016 07:29:44.841,46.31,46.255,0,0
26.09.2016 07:29:44.941,46.305,46.25,0,0
26.09.2016 07:29:45.945,46.305,46.255,0,0
26.09.2016 07:29:59.060,46.315,46.255,0,0.0001
26.09.2016 07:30:07.616,46.305,46.255,0,0
26.09.2016 07:30:08.717,46.305,46.25,0,0
26.09.2016 07:30:12.484,46.300000000000004,46.25,0,0
26.09.2016 07:30:13.486,46.295,46.25,0,0
26.09.2016 07:30:14.767,46.295,46.24,0,0
26.09.2016 07:30:15.537,46.29,46.24,0,0
26.09.2016 07:30:16.198,46.29,46.235,0,0
26.09.2016 07:30:17.791,46.295,46.235,0,0.0001
26.09.2016 07:30:18.068,46.285000000000004,46.235,0,0
26.09.2016 07:30:18.839,46.285000000000004,46.225,0,0.0001
26.09.2016 07:30:21.895,46.285000000000004,46.230000000000004,0,0
26.09.2016 07:30:22.096,46.285000000000004,46.225,0,0.0001
26.09.2016 07:30:22.197,46.285000000000004,46.230000000000004,0,0
26.09.2016 07:30:22.397,46.285000000000004,46.225,0,0.0001
26.09.2016 07:30:23.298,46.28,46.225,0,0
26.09.2016 07:30:26.101,46.285000000000004,46.225,0,0.0001
26.09.2016 07:30:26.202,46.285000000000004,46.230000000000004,0,0
26.09.2016 07:30:26.429,46.29,46.230000000000004,0,0.0001
26.09.2016 07:30:27.416,46.29,46.235,0,0
26.09.2016 07:30:28.204,46.295,46.235,0,0.0001
26.09.2016 07:30:28.404,46.29,46.235,0,0
26.09.2016 07:30:29.396,46.29,46.230000000000004,0,0.0001
26.09.2016 07:30:34.786,46.285000000000004,46.230000000000004,0,0
26.09.2016 07:30:36.114,46.28,46.225,0,0
26.09.2016 07:30:36.648,46.285000000000004,46.225,0,0.0001
26.09.2016 07:30:37.326,46.28,46.225,0,0
26.09.2016 07:30:45.239,46.28,46.22,0,0.0001
26.09.2016 07:30:45.639,46.28,46.225,0,0
26.09.2016 07:30:49.096,46.285000000000004,46.225,0,0.0001
26.09.2016 07:30:50.085,46.28,46.225,0,0
26.09.2016 07:30:55.475,46.285000000000004,46.225,0,0.0001
26.09.2016 07:30:55.696,46.285000000000004,46.230000000000004,0,0
26.09.2016 07:31:04.761,46.29,46.230000000000004,0,0.0001
26.09.2016 07:31:05.754,46.285000000000004,46.230000000000004,0,0
26.09.2016 07:31:05.962,46.285000000000004,46.225,0,0.0001
26.09.2016 07:31:06.706,46.285000000000004,46.230000000000004,0,0
26.09.2016 07:31:10.576,46.29,46.230000000000004,0,0.0001
26.09.2016 07:31:12.069,46.285000000000004,46.230000000000004,0,0
26.09.2016 07:31:13.871,46.29,46.235,0,0
26.09.2016 07:31:24.482,46.29,46.230000000000004,0,0.0001
26.09.2016 07:31:28.485,46.285000000000004,46.230000000000004,0,0
26.09.2016 07:31:40.015,46.285000000000004,46.235,0,0
26.09.2016 07:31:40.065,46.29,46.235,0,0
26.09.2016 07:31:42.565,46.295,46.235,0,0.0001
26.09.2016 07:31:49.164,46.29,46.235,0,0
26.09.2016 07:31:50.210,46.285000000000004,46.230000000000004,0,0
26.09.2016 07:31:50.311,46.29,46.230000000000004,0,0.0001
26.09.2016 07:31:54.774,46.29,46.235,0,0
26.09.2016 07:31:59.394,46.29,46.230000000000004,0,0.0001
26.09.2016 07:32:04.894,46.29,46.235,0,0
26.09.2016 07:32:10.465,46.295,46.235,0,0.0001
26.09.2016 07:32:10.614,46.295,46.24,0,0
26.09.2016 07:32:10.664,46.300000000000004,46.24,0,0.0001
26.09.2016 07:32:12.937,46.29,46.24,0,0
26.09.2016 07:32:13.036,46.295,46.24,0,0
26.09.2016 07:32:14.904,46.295,46.235,0,0.0001
26.09.2016 07:32:16.124,46.29,46.235,0,0
26.09.2016 07:32:19.644,46.29,46.230000000000004,0,0.0001
26.09.2016 07:32:19.973,46.285000000000004,46.230000000000004,0,0
26.09.2016 07:32:35.692,46.285000000000004,46.225,0,0.0001
26.09.2016 07:32:35.893,46.285000000000004,46.230000000000004,0,0
26.09.2016 07:32:36.935,46.29,46.235,0,0
26.09.2016 07:32:38.095,46.295,46.235,0,0.0001
26.09.2016 07:32:38.893,46.29,46.235,0,0
26.09.2016 07:32:48.807,46.29,46.230000000000004,0,0.0001
26.09.2016 07:33:05.547,46.285000000000004,46.230000000000004,0,0
26.09.2016 07:33:05.673,46.285000000000004,46.225,0,0.0001
26.09.2016 07:33:06.723,46.285000000000004,46.235,0,0
26.09.2016 07:33:15.043,46.295,46.235,0,0.0001
26.09.2016 07:33:15.632,46.29,46.235,0,0
26.09.2016 07:33:17.145,46.29,46.230000000000004,0,0.0001
26.09.2016 07:33:17.412,46.29,46.235,0,0
26.09.2016 07:33:23.253,46.295,46.235,0,0.0001
26.09.2016 07:33:23.353,46.29,46.235,0,0
26.09.2016 07:33:42.388,46.295,46.235,0,0.0001
26.09.2016 07:33:45.463,46.29,46.235,0,0
26.09.2016 07:33:47.083,46.29,46.230000000000004,0,0.0001
26.09.2016 07:33:47.339,46.285000000000004,46.230000000000004,0,0
26.09.2016 07:33:53.089,46.285000000000004,46.225,0,0.0001
26.09.2016 07:33:53.790,46.275,46.225,0,0
26.09.2016 07:33:54.812,46.275,46.215,0,0.0001
26.09.2016 07:34:08.810,46.275,46.22,0,0
26.09.2016 07:34:08.911,46.28,46.22,0,0.0001
26.09.2016 07:34:27.269,46.28,46.225,0,0
26.09.2016 07:34:28.633,46.285000000000004,46.225,0,0.0001
26.09.2016 07:34:29.241,46.285000000000004,46.230000000000004,0,0
26.09.2016 07:34:41.848,46.29,46.230000000000004,0,0.0001
26.09.2016 07:34:44.861,46.29,46.235,0,0
26.09.2016 07:34:57.278,46.295,46.235,0,0.0001
26.09.2016 07:35:07.213,46.300000000000004,46.24,0,0.0001
26.09.2016 07:35:07.979,46.300000000000004,46.255,0,0
26.09.2016 07:35:08.204,46.31,46.255,0,0
26.09.2016 07:35:09.194,46.315,46.255,0,0.0001
26.09.2016 07:35:30.662,46.315,46.26,0,0
26.09.2016 07:35:32.503,46.32,46.265,0,0
26.09.2016 07:35:33.573,46.315,46.265,0,0
26.09.2016 07:35:35.143,46.315,46.255,0,0.0001
26.09.2016 07:35:39.880,46.31,46.255,0,0
26.09.2016 07:35:40.203,46.305,46.25,0,0
26.09.2016 07:35:48.790,46.305,46.245,0,0.0001
26.09.2016 07:35:49.003,46.300000000000004,46.245,0,0
26.09.2016 07:35:49.993,46.295,46.245,0,0
26.09.2016 07:35:50.993,46.295,46.24,0,0
26.09.2016 07:35:52.495,46.295,46.25,0,0
26.09.2016 07:35:54.697,46.295,46.245,0,0
26.09.2016 07:35:54.833,46.305,46.25,0,0
26.09.2016 07:35:55.260,46.31,46.25,0,0.0001
26.09.2016 07:35:55.383,46.305,46.25,0,0
26.09.2016 07:35:55.433,46.305,46.245,0,0.0001
26.09.2016 07:36:09.317,46.285000000000004,46.245,0,0
26.09.2016 07:36:10.463,46.285000000000004,46.225,0,0.0001
26.09.2016 07:36:28.392,46.275,46.225,0,0
26.09.2016 07:36:35.949,46.275,46.215,0,0.0001
26.09.2016 07:36:36.049,46.275,46.22,0,0
26.09.2016 07:36:36.274,46.275,46.215,0,0.0001
26.09.2016 07:36:37.302,46.275,46.22,0,0
26.09.2016 07:36:42.254,46.28,46.22,0,0.0001
26.09.2016 07:36:42.582,46.275,46.22,0,0
26.09.2016 07:36:44.957,46.275,46.215,0,0.0001
26.09.2016 07:36:46.212,46.265,46.215,0,0
26.09.2016 07:36:50.796,46.26,46.205,0,0
26.09.2016 07:37:00.281,46.265,46.205,0,0.0001
26.09.2016 07:37:00.555,46.26,46.205,0,0
26.09.2016 07:37:01.883,46.26,46.2,0,0.0001
26.09.2016 07:37:02.412,46.255,46.2,0,0
26.09.2016 07:37:06.688,46.26,46.2,0,0.0001
26.09.2016 07:37:07.771,46.26,46.205,0,0
26.09.2016 07:37:08.590,46.265,46.205,0,0.0001
26.09.2016 07:37:09.751,46.26,46.205,0,0
26.09.2016 07:37:14.498,46.255,46.2,0,0
26.09.2016 07:37:14.921,46.255,46.195,0,0.0001
26.09.2016 07:37:27.902,46.245,46.195,0,0
26.09.2016 07:37:27.953,46.245,46.185,0,0.0001
26.09.2016 07:37:28.891,46.245,46.19,0,0
26.09.2016 07:37:34.039,46.25,46.19,0,0.0001
26.09.2016 07:37:35.050,46.245,46.19,0,0
26.09.2016 07:37:36.542,46.245,46.185,0,0.0001
26.09.2016 07:37:37.251,46.245,46.19,0,0
26.09.2016 07:37:39.245,46.25,46.19,0,0.0001
26.09.2016 07:37:39.486,46.245,46.19,0,0
26.09.2016 07:37:48.262,46.245,46.185,0,0.0001
26.09.2016 07:38:16.189,46.24,46.185,0,0
26.09.2016 07:38:19.291,46.24,46.18,0,0.0001
26.09.2016 07:38:19.599,46.24,46.185,0,0
26.09.2016 07:38:20.694,46.245,46.185,0,0.0001
26.09.2016 07:38:22.679,46.24,46.185,0,0
26.09.2016 07:38:28.041,46.24,46.18,0,0.0001
26.09.2016 07:38:28.509,46.24,46.185,0,0
26.09.2016 07:38:28.804,46.245,46.185,0,0.0001
26.09.2016 07:38:29.279,46.245,46.19,0,0
26.09.2016 07:38:33.109,46.25,46.19,0,0.0001
26.09.2016 07:38:41.218,46.25,46.195,0,0
26.09.2016 07:38:42.120,46.25,46.2,0,0
26.09.2016 07:38:42.220,46.25,46.195,0,0
26.09.2016 07:38:42.621,46.255,46.2,0,0
26.09.2016 07:38:43.221,46.26,46.2,0,0.0001
26.09.2016 07:38:44.789,46.26,46.205,0,0
26.09.2016 07:38:53.334,46.265,46.205,0,0.0001
26.09.2016 07:38:53.434,46.26,46.205,0,0
26.09.2016 07:38:55.239,46.26,46.2,0,0.0001
26.09.2016 07:38:58.979,46.255,46.2,0,0
26.09.2016 07:38:59.644,46.255,46.195,0,0.0001
26.09.2016 07:38:59.969,46.255,46.2,0,0
26.09.2016 07:39:18.993,46.26,46.2,0,0.0001
26.09.2016 07:39:19.094,46.255,46.2,0,0
26.09.2016 07:39:20.396,46.255,46.195,0,0.0001
26.09.2016 07:40:05.125,46.25,46.195,0,0
26.09.2016 07:40:05.226,46.245,46.195,0,0
26.09.2016 07:40:05.727,46.25,46.195,0,0
26.09.2016 07:40:06.880,46.245,46.19,0,0
26.09.2016 07:40:18.941,46.245,46.185,0,0.0001
26.09.2016 07:40:20.200,46.245,46.195,0,0
26.09.2016 07:40:21.644,46.255,46.195,0,0.0001
26.09.2016 07:40:25.507,46.25,46.195,0,0
26.09.2016 07:40:32.959,46.25,46.19,0,0.0001
26.09.2016 07:40:34.777,46.25,46.195,0,0
26.09.2016 07:40:35.490,46.245,46.195,0,0
26.09.2016 07:40:36.279,46.245,46.185,0,0.0001
26.09.2016 07:40:36.516,46.245,46.19,0,0
26.09.2016 07:40:38.482,46.245,46.185,0,0.0001
26.09.2016 07:40:39.229,46.245,46.19,0,0
26.09.2016 07:40:39.784,46.25,46.2,0,0
26.09.2016 07:40:40.111,46.255,46.2,0,0
26.09.2016 07:40:46.807,46.255,46.195,0,0.0001
26.09.2016 07:40:46.959,46.255,46.2,0,0
26.09.2016 07:40:47.950,46.255,46.195,0,0.0001
26.09.2016 07:40:53.107,46.255,46.2,0,0
26.09.2016 07:40:59.052,46.255,46.215,0,0
26.09.2016 07:40:59.359,46.275,46.215,0,0.0001
26.09.2016 07:41:19.446,46.275,46.22,0,0
26.09.2016 07:41:21.946,46.275,46.215,0,0.0001
26.09.2016 07:41:22.598,46.275,46.22,0,0
26.09.2016 07:41:27.371,46.28,46.22,0,0.0001
26.09.2016 07:41:27.548,46.28,46.225,0,0
26.09.2016 07:41:37.562,46.285000000000004,46.225,0,0.0001
26.09.2016 07:41:42.580,46.285000000000004,46.230000000000004,0,0
26.09.2016 07:41:42.769,46.285000000000004,46.225,0,0.0001
26.09.2016 07:41:45.478,46.285000000000004,46.230000000000004,0,0
26.09.2016 07:41:45.672,46.29,46.230000000000004,0,0.0001
26.09.2016 07:41:45.918,46.29,46.235,0,0
26.09.2016 07:42:07.194,46.295,46.235,0,0.0001
26.09.2016 07:42:15.287,46.295,46.24,0,0
26.09.2016 07:42:24.857,46.295,46.235,0,0.0001
26.09.2016 07:42:30.027,46.285000000000004,46.235,0,0
26.09.2016 07:42:37.651,46.285000000000004,46.225,0,0.0001
26.09.2016 07:42:37.980,46.285000000000004,46.235,0,0
26.09.2016 07:42:38.087,46.295,46.235,0,0.0001
26.09.2016 07:42:38.971,46.295,46.24,0,0
26.09.2016 07:42:39.441,46.300000000000004,46.24,0,0.0001
26.09.2016 07:42:40.023,46.295,46.24,0,0
26.09.2016 07:42:43.262,46.29,46.235,0,0
26.09.2016 07:42:44.767,46.285000000000004,46.230000000000004,0,0
26.09.2016 07:42:52.358,46.285000000000004,46.225,0,0.0001
26.09.2016 07:42:54.996,46.275,46.225,0,0
26.09.2016 07:43:01.370,46.275,46.22,0,0
26.09.2016 07:43:02.071,46.275,46.230000000000004,0,0
26.09.2016 07:43:05.236,46.285000000000004,46.230000000000004,0,0
26.09.2016 07:43:21.093,46.285000000000004,46.225,0,0.0001
26.09.2016 07:43:21.794,46.285000000000004,46.235,0,0
26.09.2016 07:43:22.655,46.29,46.235,0,0
26.09.2016 07:43:24.198,46.285000000000004,46.230000000000004,0,0
26.09.2016 07:43:25.695,46.285000000000004,46.225,0,0.0001
26.09.2016 07:43:44.854,46.275,46.225,0,0
26.09.2016 07:43:45.395,46.275,46.215,0,0.0001
26.09.2016 07:44:03.445,46.275,46.22,0,0
26.09.2016 07:44:05.566,46.28,46.225,0,0
26.09.2016 07:44:05.854,46.28,46.22,0,0.0001
26.09.2016 07:44:08.950,46.28,46.225,0,0
26.09.2016 07:44:09.451,46.28,46.22,0,0.0001
26.09.2016 07:44:09.952,46.28,46.225,0,0
26.09.2016 07:44:11.754,46.28,46.230000000000004,0,0
26.09.2016 07:44:12.054,46.28,46.235,0,0
26.09.2016 07:44:14.765,46.29,46.235,0,0
26.09.2016 07:44:14.858,46.29,46.230000000000004,0,0.0001
26.09.2016 07:44:15.095,46.29,46.235,0,0
26.09.2016 07:44:18.285,46.295,46.235,0,0.0001
26.09.2016 07:44:18.363,46.285000000000004,46.235,0,0
26.09.2016 07:44:18.464,46.29,46.235,0,0
26.09.2016 07:44:19.164,46.29,46.230000000000004,0,0.0001
26.09.2016 07:44:20.264,46.285000000000004,46.230000000000004,0,0
26.09.2016 07:44:29.876,46.285000000000004,46.225,0,0.0001
26.09.2016 07:44:30.274,46.285000000000004,46.235,0,0
26.09.2016 07:44:41.691,46.295,46.235,0,0.0001
26.09.2016 07:44:45.454,46.285000000000004,46.235,0,0
26.09.2016 07:44:54.707,46.285000000000004,46.225,0,0.0001
26.09.2016 07:45:02.616,46.275,46.225,0,0
26.09.2016 07:45:11.229,46.275,46.22,0,0
26.09.2016 07:45:26.247,46.275,46.215,0,0.0001
26.09.2016 07:45:45.974,46.275,46.22,0,0
26.09.2016 07:45:47.880,46.28,46.225,0,0
26.09.2016 07:45:49.054,46.285000000000004,46.225,0,0.0001
26.09.2016 07:45:49.104,46.28,46.225,0,0
26.09.2016 07:45:49.182,46.27,46.225,0,0
26.09.2016 07:45:50.154,46.265,46.21,0,0
26.09.2016 07:45:59.397,46.265,46.205,0,0.0001
26.09.2016 07:46:50.244,46.265,46.205,0.0001,0
26.09.2016 07:48:20.000,46.25,46.19,0.0001,0
26.09.2016 07:48:22.750,46.245,46.19,0,0
26.09.2016 07:48:26.407,46.245,46.185,0,0.0001
26.09.2016 07:48:26.710,46.245,46.19,0,0
26.09.2016 07:48:38.819,46.25,46.19,0,0.0001
26.09.2016 07:48:47.399,46.245,46.19,0,0
26.09.2016 07:48:58.675,46.245,46.185,0,0.0001
26.09.2016 07:48:58.939,46.24,46.185,0,0
26.09.2016 07:49:02.679,46.245,46.185,0,0.0001
26.09.2016 07:49:10.061,46.24,46.185,0,0
26.09.2016 07:49:10.379,46.235,46.18,0,0
26.09.2016 07:49:10.763,46.235,46.175000000000004,0,0.0001
26.09.2016 07:49:11.364,46.235,46.18,0,0
26.09.2016 07:49:11.965,46.235,46.175000000000004,0,0.0001
26.09.2016 07:49:12.588,46.235,46.18,0,0
26.09.2016 07:49:14.780,46.24,46.18,0,0.0001
26.09.2016 07:49:16.072,46.24,46.185,0,0
26.09.2016 07:49:16.122,46.245,46.185,0,0.0001
26.09.2016 07:49:17.089,46.24,46.185,0,0
26.09.2016 07:49:18.676,46.24,46.18,0,0.0001
26.09.2016 07:49:19.099,46.24,46.185,0,0
26.09.2016 07:49:31.608,46.245,46.185,0,0.0001
26.09.2016 07:50:19.393,46.245,46.185,0.0001,0
26.09.2016 07:51:26.230,46.25,46.19,0.0001,0
26.09.2016 07:51:26.738,46.25,46.195,0,0
26.09.2016 07:51:33.243,46.255,46.195,0,0.0001
26.09.2016 07:51:35.673,46.255,46.205,0,0
26.09.2016 07:51:39.058,46.255,46.2,0,0
26.09.2016 07:51:39.253,46.26,46.2,0,0.0001
26.09.2016 07:51:40.048,46.255,46.2,0,0
26.09.2016 07:51:50.197,46.255,46.195,0,0.0001
26.09.2016 07:51:50.529,46.255,46.2,0,0
26.09.2016 07:52:00.886,46.26,46.2,0,0.0001
26.09.2016 07:52:01.902,46.255,46.2,0,0
26.09.2016 07:52:04.419,46.26,46.2,0,0.0001
26.09.2016 07:52:05.616,46.255,46.2,0,0
26.09.2016 07:52:09.595,46.255,46.195,0,0.0001
26.09.2016 07:52:14.707,46.255,46.2,0,0
26.09.2016 07:52:17.646,46.26,46.2,0,0.0001
26.09.2016 07:52:18.447,46.26,46.205,0,0
26.09.2016 07:52:18.708,46.265,46.205,0,0.0001
26.09.2016 07:52:19.437,46.26,46.205,0,0
26.09.2016 07:52:33.432,46.26,46.2,0,0.0001
26.09.2016 07:52:35.386,46.255,46.2,0,0
26.09.2016 07:52:45.948,46.255,46.195,0,0.0001
26.09.2016 07:52:55.397,46.25,46.195,0,0
26.09.2016 07:52:55.463,46.245,46.195,0,0
26.09.2016 07:52:56.506,46.245,46.19,0,0
26.09.2016 07:53:05.195,46.245,46.185,0,0.0001
26.09.2016 07:53:25.313,46.245,46.19,0,0
26.09.2016 07:53:25.765,46.25,46.19,0,0.0001
26.09.2016 07:53:29.945,46.245,46.19,0,0
26.09.2016 07:53:34.197,46.24,46.185,0,0
26.09.2016 07:53:35.665,46.24,46.18,0,0.0001
26.09.2016 07:53:42.640,46.235,46.18,0,0
26.09.2016 07:53:42.825,46.235,46.175000000000004,0,0.0001
26.09.2016 07:53:45.147,46.235,46.18,0,0
26.09.2016 07:53:46.349,46.235,46.175000000000004,0,0.0001
26.09.2016 07:54:05.594,46.235,46.18,0,0
26.09.2016 07:54:12.393,46.24,46.185,0,0
26.09.2016 07:54:12.795,46.245,46.185,0,0.0001
26.09.2016 07:54:18.354,46.245,46.19,0,0
26.09.2016 07:54:29.527,46.25,46.19,0,0.0001
26.09.2016 07:54:37.054,46.245,46.19,0,0
26.09.2016 07:54:38.644,46.24,46.185,0,0
26.09.2016 07:54:39.143,46.235,46.18,0,0
26.09.2016 07:54:39.345,46.235,46.175000000000004,0,0.0001
26.09.2016 07:54:40.143,46.235,46.18,0,0
26.09.2016 07:54:42.348,46.24,46.18,0,0.0001
26.09.2016 07:54:42.949,46.235,46.18,0,0
26.09.2016 07:54:43.549,46.24,46.18,0,0.0001
26.09.2016 07:54:44.150,46.235,46.18,0,0
26.09.2016 07:54:44.751,46.24,46.18,0,0.0001
26.09.2016 07:54:45.953,46.235,46.18,0,0
26.09.2016 07:54:46.633,46.235,46.175000000000004,0,0.0001
26.09.2016 07:54:51.159,46.235,46.18,0,0
26.09.2016 07:54:51.760,46.235,46.175000000000004,0,0.0001
26.09.2016 07:54:52.361,46.235,46.18,0,0
26.09.2016 07:54:53.564,46.235,46.175000000000004,0,0.0001
26.09.2016 07:54:59.872,46.235,46.18,0,0
26.09.2016 07:55:00.173,46.235,46.185,0,0
26.09.2016 07:55:00.373,46.235,46.18,0,0
26.09.2016 07:55:00.424,46.24,46.18,0,0.0001
26.09.2016 07:55:01.479,46.235,46.18,0,0
26.09.2016 07:55:11.794,46.24,46.18,0,0.0001
26.09.2016 07:55:12.595,46.235,46.18,0,0
26.09.2016 07:55:14.795,46.24,46.18,0,0.0001
26.09.2016 07:55:15.895,46.235,46.18,0,0
26.09.2016 07:55:25.523,46.230000000000004,46.175000000000004,0,0
26.09.2016 07:55:31.431,46.235,46.175000000000004,0,0.0001
26.09.2016 07:55:54.474,46.235,46.18,0,0
26.09.2016 07:55:55.175,46.24,46.18,0,0.0001
26.09.2016 07:55:55.633,46.24,46.185,0,0
26.09.2016 07:55:56.077,46.245,46.185,0,0.0001
26.09.2016 07:55:56.604,46.24,46.185,0,0
26.09.2016 07:56:09.198,46.24,46.18,0,0.0001
26.09.2016 07:56:09.474,46.24,46.185,0,0
26.09.2016 07:56:14.913,46.245,46.185,0,0.0001
26.09.2016 07:56:15.213,46.24,46.185,0,0
26.09.2016 07:56:15.303,46.24,46.18,0,0.0001
26.09.2016 07:56:16.404,46.24,46.185,0,0
26.09.2016 07:56:17.927,46.245,46.185,0,0.0001
26.09.2016 07:56:18.493,46.24,46.185,0,0
26.09.2016 07:56:23.529,46.24,46.18,0,0.0001
26.09.2016 07:56:23.729,46.24,46.185,0,0
26.09.2016 07:56:37.156,46.24,46.18,0,0.0001
26.09.2016 07:56:45.703,46.24,46.185,0,0
26.09.2016 07:56:47.377,46.245,46.19,0,0
26.09.2016 07:56:48.233,46.25,46.19,0,0.0001
26.09.2016 07:57:18.327,46.25,46.195,0,0
26.09.2016 07:57:18.492,46.255,46.2,0,0
26.09.2016 07:57:20.764,46.26,46.2,0,0.0001
26.09.2016 07:57:22.562,46.255,46.2,0,0
26.09.2016 07:57:22.746,46.255,46.195,0,0.0001
26.09.2016 07:57:25.532,46.25,46.195,0,0
26.09.2016 07:57:28.381,46.24,46.19,0,0
26.09.2016 07:57:28.502,46.24,46.185,0,0
26.09.2016 07:57:32.572,46.24,46.18,0,0.0001
26.09.2016 07:57:43.686,46.235,46.18,0,0
26.09.2016 07:57:46.712,46.24,46.18,0,0.0001
26.09.2016 07:57:46.881,46.235,46.18,0,0
26.09.2016 07:57:49.294,46.235,46.175000000000004,0,0.0001
26.09.2016 07:57:49.521,46.235,46.18,0,0
26.09.2016 07:57:49.836,46.24,46.18,0,0.0001
26.09.2016 07:57:50.612,46.235,46.18,0,0
26.09.2016 07:58:00.107,46.235,46.175000000000004,0,0.0001
26.09.2016 07:58:00.508,46.235,46.18,0,0
26.09.2016 07:58:02.601,46.24,46.185,0,0
26.09.2016 07:58:05.014,46.245,46.185,0,0.0001
26.09.2016 07:58:05.461,46.24,46.185,0,0
26.09.2016 07:58:10.826,46.24,46.18,0,0.0001
26.09.2016 07:58:12.721,46.24,46.185,0,0
26.09.2016 07:58:13.931,46.245,46.185,0,0.0001
26.09.2016 07:58:15.471,46.24,46.185,0,0
26.09.2016 07:58:17.139,46.235,46.18,0,0
26.09.2016 07:58:18.331,46.235,46.175000000000004,0,0.0001
26.09.2016 07:58:44.003,46.235,46.18,0,0
26.09.2016 07:58:45.610,46.24,46.18,0,0.0001
26.09.2016 07:58:55.768,46.235,46.18,0,0
26.09.2016 07:58:59.728,46.24,46.185,0,0
26.09.2016 07:59:05.355,46.245,46.185,0,0.0001
26.09.2016 07:59:06.400,46.245,46.19,0,0
26.09.2016 07:59:09.444,46.24,46.19,0,0
26.09.2016 07:59:10.359,46.24,46.18,0,0.0001
26.09.2016 07:59:14.754,46.235,46.18,0,0
26.09.2016 07:59:14.842,46.235,46.175000000000004,0,0.0001
26.09.2016 07:59:16.358,46.230000000000004,46.175000000000004,0,0
26.09.2016 07:59:16.739,46.225,46.17,0,0
26.09.2016 07:59:17.360,46.225,46.165,0,0.0001
26.09.2016 07:59:17.620,46.225,46.17,0,0
26.09.2016 07:59:20.583,46.230000000000004,46.17,0,0.0001
26.09.2016 07:59:20.912,46.225,46.17,0,0
26.09.2016 07:59:21.766,46.230000000000004,46.17,0,0.0001
26.09.2016 07:59:24.769,46.230000000000004,46.175000000000004,0,0
26.09.2016 07:59:25.398,46.230000000000004,46.17,0,0.0001
26.09.2016 07:59:25.485,46.225,46.17,0,0
26.09.2016 07:59:33.808,46.230000000000004,46.17,0,0.0001
26.09.2016 07:59:33.909,46.225,46.17,0,0
26.09.2016 07:59:34.130,46.230000000000004,46.17,0,0.0001
26.09.2016 07:59:34.711,46.230000000000004,46.175000000000004,0,0
26.09.2016 07:59:35.894,46.235,46.18,0,0
26.09.2016 07:59:36.337,46.24,46.18,0,0.0001
26.09.2016 07:59:36.441,46.230000000000004,46.18,0,0
26.09.2016 07:59:37.101,46.230000000000004,46.175000000000004,0,0
26.09.2016 07:59:39.243,46.235,46.175000000000004,0,0.0001
26.09.2016 07:59:39.444,46.230000000000004,46.175000000000004,0,0
26.09.2016 07:59:41.749,46.235,46.175000000000004,0,0.0001
26.09.2016 07:59:41.849,46.230000000000004,46.175000000000004,0,0
26.09.2016 07:59:42.258,46.235,46.175000000000004,0,0.0001
26.09.2016 07:59:42.599,46.230000000000004,46.175000000000004,0,0
26.09.2016 07:59:42.752,46.230000000000004,46.17,0,0.0001
26.09.2016 07:59:44.799,46.230000000000004,46.175000000000004,0,0
26.09.2016 07:59:47.166,46.235,46.18,0,0
26.09.2016 07:59:48.319,46.24,46.185,0,0
26.09.2016 07:59:59.092,46.245,46.185,0,0.0001
26.09.2016 07:59:59.389,46.24,46.185,0,0
26.09.2016 08:00:00.378,46.225,46.175000000000004,0,0
26.09.2016 08:00:00.429,46.235,46.18,0,0
26.09.2016 08:00:02.709,46.235,46.175000000000004,0,0.0001
26.09.2016 08:00:02.920,46.235,46.18,0,0
26.09.2016 08:00:03.646,46.235,46.185,0,0
26.09.2016 08:00:03.713,46.230000000000004,46.175000000000004,0,0
26.09.2016 08:00:04.119,46.22,46.175000000000004,0,0
26.09.2016 08:00:04.517,46.215,46.175000000000004,0,0
26.09.2016 08:00:04.916,46.21,46.175000000000004,0,0
26.09.2016 08:00:05.640,46.21,46.165,0,0
26.09.2016 08:00:05.957,46.21,46.155,0,0
26.09.2016 08:00:06.122,46.215,46.155,0,0.0001
26.09.2016 08:00:06.323,46.21,46.155,0,0
26.09.2016 08:00:06.693,46.205,46.15,0,0
26.09.2016 08:00:07.729,46.195,46.145,0,0
26.09.2016 08:00:08.271,46.19,46.145,0,0
26.09.2016 08:00:08.782,46.185,46.125,0,0.0001
26.09.2016 08:00:09.662,46.185,46.13,0,0
26.09.2016 08:00:10.251,46.155,46.13,0,0
26.09.2016 08:00:10.341,46.160000000000004,46.13,0,0
26.09.2016 08:00:10.441,46.155,46.13,0,0
26.09.2016 08:00:10.743,46.15,46.13,0,0
26.09.2016 08:00:12.632,46.145,46.09,0,0
26.09.2016 08:00:18.374,46.145,46.095,0,0
26.09.2016 08:00:18.792,46.155,46.095,0,0.0001
26.09.2016 08:00:19.780,46.155,46.105000000000004,0,0
26.09.2016 08:00:19.882,46.155,46.1,0,0
26.09.2016 08:00:19.981,46.155,46.095,0,0.0001
26.09.2016 08:00:20.309,46.155,46.1,0,0
26.09.2016 08:00:21.102,46.160000000000004,46.105000000000004,0,0
26.09.2016 08:00:21.203,46.155,46.105000000000004,0,0
26.09.2016 08:00:21.285,46.160000000000004,46.105000000000004,0,0
26.09.2016 08:00:22.387,46.165,46.105000000000004,0,0.0001
26.09.2016 08:00:22.788,46.165,46.11,0,0
26.09.2016 08:00:23.290,46.165,46.105000000000004,0,0.0001
26.09.2016 08:00:24.295,46.165,46.12,0,0
26.09.2016 08:00:24.503,46.165,46.125,0,0
26.09.2016 08:00:24.998,46.165,46.12,0,0
26.09.2016 08:00:25.305,46.165,46.115,0,0
26.09.2016 08:00:25.722,46.175000000000004,46.115,0,0.0001
26.09.2016 08:00:26.932,46.175000000000004,46.125,0,0
26.09.2016 08:00:27.143,46.185,46.125,0,0.0001
26.09.2016 08:00:27.408,46.17,46.125,0,0
26.09.2016 08:00:27.608,46.18,46.125,0,0
26.09.2016 08:00:28.010,46.175000000000004,46.125,0,0
26.09.2016 08:00:28.061,46.175000000000004,46.115,0,0.0001
26.09.2016 08:00:28.738,46.175000000000004,46.12,0,0
26.09.2016 08:00:28.913,46.175000000000004,46.115,0,0.0001
26.09.2016 08:00:29.715,46.175000000000004,46.12,0,0
26.09.2016 08:00:31.219,46.175000000000004,46.115,0,0.0001
26.09.2016 08:00:32.323,46.175000000000004,46.12,0,0
26.09.2016 08:00:32.624,46.175000000000004,46.125,0,0
26.09.2016 08:00:32.674,46.18,46.125,0,0
26.09.2016 08:00:35.344,46.18,46.12,0,0.0001
26.09.2016 08:00:35.449,46.175000000000004,46.12,0,0
26.09.2016 08:00:36.560,46.18,46.12,0,0.0001
26.09.2016 08:00:36.760,46.18,46.125,0,0
26.09.2016 08:00:36.896,46.18,46.12,0,0.0001
26.09.2016 08:00:36.951,46.18,46.125,0,0
26.09.2016 08:00:37.741,46.18,46.12,0,0.0001
26.09.2016 08:00:38.767,46.18,46.125,0,0
26.09.2016 08:00:38.968,46.175000000000004,46.12,0,0
26.09.2016 08:00:39.069,46.185,46.125,0,0.0001
26.09.2016 08:00:39.169,46.175000000000004,46.125,0,0
26.09.2016 08:00:39.735,46.175000000000004,46.115,0,0.0001
26.09.2016 08:00:40.171,46.175000000000004,46.12,0,0
26.09.2016 08:00:41.275,46.175000000000004,46.125,0,0
26.09.2016 08:00:41.414,46.175000000000004,46.115,0,0.0001
26.09.2016 08:00:42.278,46.175000000000004,46.12,0,0
26.09.2016 08:00:44.664,46.175000000000004,46.13,0,0
26.09.2016 08:00:46.087,46.17,46.13,0,0
26.09.2016 08:00:46.656,46.165,46.13,0,0
26.09.2016 08:00:46.962,46.165,46.13,0,0
26.09.2016 08:00:50.151,46.17,46.13,0,0
26.09.2016 08:00:51.043,46.175000000000004,46.13,0,0
26.09.2016 08:00:52.710,46.17,46.13,0,0
26.09.2016 08:00:53.306,46.165,46.13,0,0
26.09.2016 08:00:53.614,46.175000000000004,46.13,0,0
26.09.2016 08:00:55.054,46.165,46.13,0,0
26.09.2016 08:00:55.521,46.155,46.13,0,0
26.09.2016 08:00:56.656,46.15,46.13,0,0
26.09.2016 08:00:57.026,46.145,46.13,0,0
26.09.2016 08:00:57.728,46.15,46.13,0,0
26.09.2016 08:00:58.071,46.145,46.13,0,0
26.09.2016 08:00:58.638,46.15,46.13,0,0
26.09.2016 08:00:58.730,46.155,46.13,0,0
26.09.2016 08:00:59.627,46.155,46.13,0,0
26.09.2016 08:01:02.269,46.160000000000004,46.13,0,0
26.09.2016 08:01:02.843,46.15,46.13,0,0
26.09.2016 08:01:02.944,46.145,46.13,0,0
26.09.2016 08:01:06.171,46.14,46.13,0,0
26.09.2016 08:01:06.509,46.135,46.13,0,0
26.09.2016 08:01:07.158,46.145,46.13,0,0
26.09.2016 08:01:10.061,46.15,46.13,0,0
26.09.2016 08:01:14.901,46.155,46.13,0,0
26.09.2016 08:01:15.231,46.15,46.13,0,0
26.09.2016 08:01:15.804,46.145,46.13,0,0
26.09.2016 08:01:18.792,46.14,46.13,0,0
26.09.2016 08:01:19.961,46.135,46.13,0,0
26.09.2016 08:01:22.631,46.145,46.13,0,0
26.09.2016 08:01:24.941,46.15,46.13,0,0
26.09.2016 08:01:27.071,46.15,46.13,0,0
26.09.2016 08:01:35.679,46.15,46.13,0,0
26.09.2016 08:01:36.945,46.15,46.13,0,0
26.09.2016 08:01:38.461,46.155,46.13,0,0
26.09.2016 08:01:38.914,46.160000000000004,46.13,0,0
26.09.2016 08:01:45.855,46.160000000000004,46.13,0,0
26.09.2016 08:01:52.698,46.165,46.13,0,0
26.09.2016 08:01:54.705,46.155,46.13,0,0
26.09.2016 08:02:00.423,46.165,46.13,0,0
26.09.2016 08:02:05.640,46.155,46.13,0,0
26.09.2016 08:02:08.255,46.14,46.13,0,0
26.09.2016 08:02:08.829,46.135,46.13,0,0
26.09.2016 08:02:15.772,46.155,46.13,0,0
26.09.2016 08:02:18.087,46.145,46.13,0,0
26.09.2016 08:02:18.187,46.135,46.13,0,0
26.09.2016 08:02:18.399,46.135,46.13,0,0
26.09.2016 08:02:19.609,46.165,46.13,0,0
26.09.2016 08:02:20.595,46.155,46.13,0,0
26.09.2016 08:02:20.695,46.160000000000004,46.13,0,0
26.09.2016 08:02:24.749,46.155,46.13,0,0
26.09.2016 08:02:27.310,46.165,46.13,0,0
26.09.2016 08:02:28.519,46.165,46.13,0,0
26.09.2016 08:02:30.518,46.17,46.13,0,0
26.09.2016 08:02:31.061,46.165,46.13,0,0
26.09.2016 08:02:31.671,46.155,46.13,0,0
26.09.2016 08:02:32.824,46.160000000000004,46.13,0,0
26.09.2016 08:02:35.128,46.165,46.13,0,0
26.09.2016 08:02:35.590,46.165,46.13,0,0
26.09.2016 08:02:35.769,46.155,46.13,0,0
26.09.2016 08:02:38.336,46.160000000000004,46.13,0,0
26.09.2016 08:02:38.536,46.155,46.13,0,0
26.09.2016 08:02:39.340,46.160000000000004,46.13,0,0
26.09.2016 08:02:39.842,46.155,46.13,0,0
26.09.2016 08:02:40.043,46.160000000000004,46.13,0,0
26.09.2016 08:02:40.595,46.155,46.13,0,0
26.09.2016 08:02:40.745,46.15,46.13,0,0
26.09.2016 08:02:43.753,46.145,46.13,0,0
26.09.2016 08:02:44.154,46.14,46.13,0,0
26.09.2016 08:02:45.660,46.145,46.13,0,0
26.09.2016 08:02:45.790,46.145,46.13,0,0
26.09.2016 08:02:47.880,46.145,46.13,0,0
26.09.2016 08:02:52.828,46.145,46.13,0,0
26.09.2016 08:02:54.188,46.15,46.13,0,0
26.09.2016 08:02:54.390,46.145,46.13,0,0
26.09.2016 08:02:54.490,46.15,46.13,0,0
26.09.2016 08:02:56.019,46.15,46.13,0,0
26.09.2016 08:03:07.437,46.155,46.13,0,0
26.09.2016 08:03:12.777,46.165,46.13,0,0
26.09.2016 08:03:25.644,46.165,46.105000000000004,0,0
26.09.2016 08:03:30.507,46.165,46.11,0,0
26.09.2016 08:03:31.010,46.165,46.105000000000004,0,0.0001
26.09.2016 08:03:33.215,46.160000000000004,46.105000000000004,0,0
26.09.2016 08:03:37.186,46.165,46.11,0,0
26.09.2016 08:03:37.627,46.17,46.115,0,0
26.09.2016 08:03:44.954,46.175000000000004,46.115,0,0.0001
26.09.2016 08:03:45.407,46.165,46.115,0,0
26.09.2016 08:03:47.762,46.165,46.105000000000004,0,0.0001
26.09.2016 08:03:48.377,46.155,46.105000000000004,0,0
26.09.2016 08:03:49.969,46.155,46.1,0,0
26.09.2016 08:03:50.467,46.160000000000004,46.105000000000004,0,0
26.09.2016 08:03:54.785,46.155,46.105000000000004,0,0
26.09.2016 08:03:55.637,46.155,46.1,0,0
26.09.2016 08:04:05.109,46.155,46.095,0,0.0001
26.09.2016 08:04:11.837,46.15,46.095,0,0
26.09.2016 08:04:15.598,46.145,46.095,0,0
26.09.2016 08:04:15.887,46.145,46.085,0,0.0001
26.09.2016 08:04:16.005,46.135,46.085,0,0
26.09.2016 08:04:23.068,46.135,46.08,0,0
26.09.2016 08:04:23.168,46.135,46.085,0,0
26.09.2016 08:04:23.470,46.135,46.08,0,0
26.09.2016 08:04:25.909,46.14,46.085,0,0
26.09.2016 08:04:29.084,46.145,46.085,0,0.0001
26.09.2016 08:04:29.228,46.135,46.085,0,0
26.09.2016 08:04:29.584,46.135,46.08,0,0
26.09.2016 08:04:29.986,46.135,46.085,0,0
26.09.2016 08:04:30.086,46.135,46.08,0,0
26.09.2016 08:04:30.296,46.14,46.08,0,0.0001
26.09.2016 08:04:32.339,46.14,46.085,0,0
26.09.2016 08:04:32.591,46.14,46.08,0,0.0001
26.09.2016 08:04:32.692,46.13,46.08,0,0
26.09.2016 08:04:33.212,46.135,46.08,0,0
26.09.2016 08:04:33.293,46.13,46.08,0,0
26.09.2016 08:04:33.895,46.14,46.085,0,0
26.09.2016 08:04:34.917,46.13,46.085,0,0
26.09.2016 08:04:35.247,46.135,46.085,0,0
26.09.2016 08:04:35.906,46.145,46.085,0,0.0001
26.09.2016 08:04:37.411,46.14,46.085,0,0
26.09.2016 08:04:38.106,46.14,46.08,0,0.0001
26.09.2016 08:04:40.219,46.14,46.085,0,0
26.09.2016 08:04:43.757,46.145,46.085,0,0.0001
26.09.2016 08:04:44.662,46.14,46.085,0,0
26.09.2016 08:04:45.366,46.14,46.08,0,0.0001
26.09.2016 08:04:45.696,46.14,46.085,0,0
26.09.2016 08:04:45.760,46.145,46.085,0,0.0001
26.09.2016 08:04:46.686,46.14,46.085,0,0
26.09.2016 08:04:49.192,46.14,46.08,0,0.0001
26.09.2016 08:04:49.436,46.14,46.085,0,0
26.09.2016 08:04:59.799,46.145,46.085,0,0.0001
26.09.2016 08:05:01.006,46.135,46.085,0,0
26.09.2016 08:05:03.816,46.14,46.085,0,0
26.09.2016 08:05:04.820,46.145,46.085,0,0.0001
26.09.2016 08:05:04.921,46.145,46.09,0,0
26.09.2016 08:05:05.223,46.145,46.085,0,0.0001
26.09.2016 08:05:05.384,46.14,46.085,0,0
26.09.2016 08:05:05.506,46.135,46.08,0,0
26.09.2016 08:05:06.931,46.135,46.085,0,0
26.09.2016 08:05:07.333,46.135,46.08,0,0
26.09.2016 08:05:20.025,46.14,46.085,0,0
26.09.2016 08:05:27.022,46.145,46.085,0,0.0001
26.09.2016 08:05:27.175,46.145,46.09,0,0
26.09.2016 08:05:27.669,46.15,46.09,0,0.0001
26.09.2016 08:05:28.165,46.145,46.09,0,0
26.09.2016 08:05:31.252,46.145,46.085,0,0.0001
26.09.2016 08:05:35.250,46.145,46.09,0,0
26.09.2016 08:05:36.525,46.15,46.09,0,0.0001
26.09.2016 08:05:36.576,46.145,46.09,0,0
26.09.2016 08:05:37.634,46.145,46.085,0,0.0001
26.09.2016 08:05:38.283,46.14,46.085,0,0
26.09.2016 08:05:38.615,46.135,46.08,0,0
26.09.2016 08:05:50.216,46.135,46.075,0,0.0001
26.09.2016 08:06:04.647,46.135,46.08,0,0
26.09.2016 08:06:16.283,46.135,46.075,0,0.0001
26.09.2016 08:06:30.738,46.135,46.08,0,0
26.09.2016 08:06:34.944,46.14,46.085,0,0
26.09.2016 08:06:35.865,46.145,46.085,0,0.0001
26.09.2016 08:06:35.934,46.135,46.085,0,0
26.09.2016 08:06:46.793,46.135,46.075,0,0.0001
26.09.2016 08:06:59.673,46.13,46.075,0,0
26.09.2016 08:06:59.777,46.135,46.075,0,0.0001
26.09.2016 08:07:00.055,46.13,46.075,0,0
26.09.2016 08:07:02.163,46.13,46.07,0,0.0001
26.09.2016 08:07:05.084,46.13,46.075,0,0
26.09.2016 08:07:05.345,46.135,46.08,0,0
26.09.2016 08:07:06.184,46.14,46.08,0,0.0001
26.09.2016 08:07:06.547,46.135,46.08,0,0
26.09.2016 08:07:06.784,46.13,46.08,0,0
26.09.2016 08:07:07.063,46.13,46.075,0,0
26.09.2016 08:07:10.153,46.135,46.075,0,0.0001
26.09.2016 08:07:11.360,46.135,46.08,0,0
26.09.2016 08:07:15.373,46.135,46.075,0,0.0001
26.09.2016 08:07:15.674,46.135,46.08,0,0
26.09.2016 08:07:28.449,46.135,46.075,0,0.0001
26.09.2016 08:07:37.214,46.135,46.08,0,0
26.09.2016 08:07:37.688,46.14,46.085,0,0
26.09.2016 08:07:38.202,46.145,46.085,0,0.0001
26.09.2016 08:07:40.799,46.145,46.09,0,0
26.09.2016 08:07:40.900,46.145,46.095,0,0
26.09.2016 08:07:41.397,46.145,46.09,0,0
26.09.2016 08:07:45.709,46.145,46.085,0,0.0001
26.09.2016 08:07:49.532,46.135,46.085,0,0
26.09.2016 08:07:51.231,46.135,46.075,0,0.0001
26.09.2016 08:07:52.937,46.13,46.075,0,0
