Local time,Ask,Bid,AskVolume,BidVolume
29.09.2016 01:00:01.064,48.845,48.785000000000004,0.0001,0
29.09.2016 01:00:01.114,48.875,48.795,0.0001,0
29.09.2016 01:00:01.814,48.855000000000004,48.795,0.0001,0
29.09.2016 01:00:02.298,48.875,48.795,0.0001,0
29.09.2016 01:00:02.599,48.875,48.805,0.0001,0
29.09.2016 01:00:02.902,48.875,48.815,0.0001,0
29.09.2016 01:00:04.305,48.875,48.805,0.0001,0
29.09.2016 01:00:08.213,48.870000000000005,48.81,0.0001,0
29.09.2016 01:00:18.128,48.875,48.815,0.0001,0
29.09.2016 01:00:20.932,48.88,48.82,0.0001,0
29.09.2016 01:00:24.736,48.875,48.815,0.0001,0
29.09.2016 01:00:26.940,48.88,48.82,0.0001,0
29.09.2016 01:00:29.743,48.885,48.825,0.0001,0
29.09.2016 01:00:30.644,48.875,48.815,0.0001,0
29.09.2016 01:00:31.646,48.88,48.82,0.0001,0
29.09.2016 01:00:32.163,48.885,48.825,0.0001,0
29.09.2016 01:00:32.626,48.88,48.82,0.0001,0
29.09.2016 01:00:34.450,48.885,48.825,0.0001,0
29.09.2016 01:00:39.256,48.89,48.83,0.0001,0
29.09.2016 01:00:39.957,48.885,48.825,0.0001,0
29.09.2016 01:00:41.660,48.88,48.82,0.0001,0
29.09.2016 01:00:54.495,48.885,48.825,0.0001,0
29.09.2016 01:00:55.897,48.89,48.83,0.0001,0
29.09.2016 01:00:59.708,48.885,48.825,0.0001,0
29.09.2016 01:01:00.330,48.895,48.835,0.0001,0
29.09.2016 01:01:37.453,48.885,48.825,0.0001,0
29.09.2016 01:01:38.555,48.89,48.83,0.0001,0
29.09.2016 01:01:38.943,48.885,48.825,0.0001,0
29.09.2016 01:01:48.068,48.915,48.845,0.0001,0
29.09.2016 01:01:48.668,48.905,48.845,0.0001,0
29.09.2016 01:01:50.771,48.910000000000004,48.85,0.0001,0
29.09.2016 01:01:57.780,48.92,48.86,0.0001,0
29.09.2016 01:01:58.177,48.925000000000004,48.865,0.0001,0
29.09.2016 01:02:00.783,48.92,48.86,0.0001,0
29.09.2016 01:02:04.826,48.93,48.870000000000005,0.0001,0
29.09.2016 01:02:05.396,48.92,48.86,0.0001,0
29.09.2016 01:02:05.702,48.910000000000004,48.85,0.0001,0
29.09.2016 01:02:14.005,48.905,48.845,0.0001,0
29.09.2016 01:02:25.377,48.910000000000004,48.85,0.0001,0
29.09.2016 01:02:29.422,48.9,48.84,0.0001,0
29.09.2016 01:02:43.137,48.905,48.845,0.0001,0
29.09.2016 01:02:43.966,48.910000000000004,48.85,0.0001,0
29.09.2016 01:03:05.163,48.915,48.855000000000004,0.0001,0
29.09.2016 01:03:08.466,48.910000000000004,48.85,0.0001,0
29.09.2016 01:03:20.082,48.915,48.855000000000004,0.0001,0
29.09.2016 01:03:31.897,48.910000000000004,48.85,0.0001,0
29.09.2016 01:03:35.800,48.925000000000004,48.855000000000004,0.0001,0
29.09.2016 01:03:35.900,48.910000000000004,48.85,0.0001,0
29.09.2016 01:03:37.434,48.935,48.875,0.0001,0
29.09.2016 01:03:38.042,48.945,48.885,0.0001,0
29.09.2016 01:03:40.208,48.95,48.89,0.0001,0
29.09.2016 01:03:40.809,48.945,48.885,0.0001,0
29.09.2016 01:03:50.331,48.935,48.875,0.0001,0
29.09.2016 01:03:53.822,48.95,48.89,0.0001,0
29.09.2016 01:05:05.207,48.965,48.875,0.0001,0
29.09.2016 01:05:09.210,48.975,48.865,0.0001,0
29.09.2016 01:05:20.024,48.95,48.89,0.0001,0
29.09.2016 01:05:21.125,48.945,48.885,0.0001,0
29.09.2016 01:05:22.027,48.94,48.88,0.0001,0
29.09.2016 01:05:22.531,48.935,48.875,0.0001,0
29.09.2016 01:05:22.926,48.945,48.885,0.0001,0
29.09.2016 01:05:54.383,48.95,48.89,0.0001,0
29.09.2016 01:06:26.926,48.955,48.895,0.0001,0
29.09.2016 01:06:27.255,48.95,48.89,0.0001,0
29.09.2016 01:06:33.715,48.945,48.885,0.0001,0
29.09.2016 01:06:35.946,48.935,48.875,0.0001,0
29.09.2016 01:06:36.555,48.94,48.88,0.0001,0
29.09.2016 01:06:38.420,48.935,48.875,0.0001,0
29.09.2016 01:06:44.528,48.94,48.88,0.0001,0
29.09.2016 01:07:07.450,48.945,48.885,0.0001,0
29.09.2016 01:07:36.414,48.95,48.89,0.0001,0
29.09.2016 01:07:48.028,48.945,48.885,0.0001,0
29.09.2016 01:08:01.954,48.95,48.89,0.0001,0
29.09.2016 01:08:28.384,48.955,48.895,0.0001,0
29.09.2016 01:08:41.098,48.95,48.89,0.0001,0
29.09.2016 01:08:41.455,48.955,48.895,0.0001,0
29.09.2016 01:09:06.786,48.95,48.89,0.0001,0
29.09.2016 01:09:07.949,48.955,48.895,0.0001,0
29.09.2016 01:09:11.753,48.95,48.89,0.0001,0
29.09.2016 01:10:26.542,48.965,48.905,0.0001,0
29.09.2016 01:10:33.456,48.955,48.895,0.0001,0
29.09.2016 01:10:36.060,48.95,48.89,0.0001,0
29.09.2016 01:10:40.165,48.955,48.895,0.0001,0
29.09.2016 01:10:41.968,48.95,48.89,0.0001,0
29.09.2016 01:10:54.381,48.955,48.895,0.0001,0
29.09.2016 01:10:58.385,48.96,48.9,0.0001,0
29.09.2016 01:11:10.097,48.965,48.905,0.0001,0
29.09.2016 01:11:29.116,48.97,48.910000000000004,0.0001,0
29.09.2016 01:11:34.924,48.980000000000004,48.92,0.0001,0
29.09.2016 01:11:42.458,48.975,48.915,0.0001,0
29.09.2016 01:12:00.782,48.97,48.910000000000004,0.0001,0
29.09.2016 01:12:16.386,48.975,48.915,0.0001,0
29.09.2016 01:12:30.781,48.97,48.910000000000004,0.0001,0
29.09.2016 01:12:35.184,48.975,48.915,0.0001,0
29.09.2016 01:12:50.406,48.97,48.910000000000004,0.0001,0
29.09.2016 01:12:53.209,48.965,48.905,0.0001,0
29.09.2016 01:13:02.244,48.97,48.910000000000004,0.0001,0
29.09.2016 01:13:16.635,48.975,48.915,0.0001,0
29.09.2016 01:13:18.334,48.97,48.910000000000004,0.0001,0
29.09.2016 01:13:18.762,48.975,48.915,0.0001,0
29.09.2016 01:13:30.146,48.97,48.910000000000004,0.0001,0
29.09.2016 01:13:30.485,48.965,48.905,0.0001,0
29.09.2016 01:13:32.849,48.97,48.910000000000004,0.0001,0
29.09.2016 01:13:43.360,48.975,48.915,0.0001,0
29.09.2016 01:13:57.399,48.97,48.910000000000004,0.0001,0
29.09.2016 01:14:08.486,48.965,48.905,0.0001,0
29.09.2016 01:14:46.132,48.975,48.915,0.0001,0
29.09.2016 01:14:51.812,48.97,48.910000000000004,0.0001,0
29.09.2016 01:15:05.558,48.965,48.905,0.0001,0
29.09.2016 01:15:31.233,48.96,48.9,0.0001,0
29.09.2016 01:15:31.934,48.965,48.905,0.0001,0
29.09.2016 01:16:59.430,48.955,48.895,0.0001,0
29.09.2016 01:17:13.246,48.96,48.9,0.0001,0
29.09.2016 01:17:18.852,48.955,48.895,0.0001,0
29.09.2016 01:17:23.456,48.965,48.905,0.0001,0
29.09.2016 01:17:30.562,48.96,48.9,0.0001,0
29.09.2016 01:17:41.673,48.965,48.905,0.0001,0
29.09.2016 01:17:44.776,48.955,48.895,0.0001,0
29.09.2016 01:17:54.585,48.965,48.905,0.0001,0
29.09.2016 01:18:01.791,48.97,48.910000000000004,0.0001,0
29.09.2016 01:18:56.947,48.975,48.915,0.0001,0
29.09.2016 01:19:08.927,49.015,48.955,0.0001,0
29.09.2016 01:19:09.405,49.02,48.96,0.0001,0
29.09.2016 01:19:10.062,49.015,48.955,0.0001,0
29.09.2016 01:19:14.767,49.01,48.95,0.0001,0
29.09.2016 01:19:18.971,49.015,48.955,0.0001,0
29.09.2016 01:19:22.214,49.02,48.96,0.0001,0
29.09.2016 01:19:37.891,49.015,48.955,0.0001,0
29.09.2016 01:19:38.372,49.005,48.945,0.0001,0
29.09.2016 01:19:39.793,49,48.94,0.0001,0
29.09.2016 01:20:05.544,49.005,48.945,0.0001,0
29.09.2016 01:20:22.569,49.015,48.955,0.0001,0
29.09.2016 01:20:27.274,49.02,48.96,0.0001,0
29.09.2016 01:20:32.380,49.015,48.955,0.0001,0
29.09.2016 01:20:47.594,49.02,48.96,0.0001,0
29.09.2016 01:20:47.895,49.025,48.965,0.0001,0
29.09.2016 01:21:26.034,49.02,48.96,0.0001,0
29.09.2016 01:21:31.739,49.025,48.965,0.0001,0
29.09.2016 01:21:33.445,49.02,48.96,0.0001,0
29.09.2016 01:21:37.946,49.025,48.965,0.0001,0
29.09.2016 01:21:50.358,49.035000000000004,48.975,0.0001,0
29.09.2016 01:21:54.178,49.025,48.965,0.0001,0
29.09.2016 01:21:57.168,49.035000000000004,48.975,0.0001,0
29.09.2016 01:22:18.989,49.025,48.965,0.0001,0
29.09.2016 01:22:47.834,49.02,48.96,0.0001,0
29.09.2016 01:22:48.918,49.055,48.985,0.0001,0
29.09.2016 01:22:49.018,49.050000000000004,48.99,0.0001,0
29.09.2016 01:22:49.419,49.055,48.995000000000005,0.0001,0
29.09.2016 01:22:53.524,49.050000000000004,48.99,0.0001,0
29.09.2016 01:22:54.125,49.055,48.995000000000005,0.0001,0
29.09.2016 01:22:56.128,49.050000000000004,48.99,0.0001,0
29.09.2016 01:22:56.593,49.055,48.995000000000005,0.0001,0
29.09.2016 01:23:03.347,49.050000000000004,48.99,0.0001,0
29.09.2016 01:23:03.957,49.055,48.995000000000005,0.0001,0
29.09.2016 01:23:05.638,49.050000000000004,48.99,0.0001,0
29.09.2016 01:23:06.239,49.055,48.995000000000005,0.0001,0
29.09.2016 01:23:09.042,49.050000000000004,48.99,0.0001,0
29.09.2016 01:23:18.259,49.055,48.995000000000005,0.0001,0
29.09.2016 01:23:19.761,49.050000000000004,48.99,0.0001,0
29.09.2016 01:23:20.261,49.065,49.005,0.0001,0
29.09.2016 01:23:20.610,49.07,49.01,0.0001,0
29.09.2016 01:23:20.940,49.075,49.015,0.0001,0
29.09.2016 01:23:21.264,49.115,49.055,0.0001,0
29.09.2016 01:23:28.271,49.105000000000004,49.035000000000004,0.0001,0
29.09.2016 01:23:28.472,49.11,49.050000000000004,0.0001,0
29.09.2016 01:23:29.272,49.1,49.04,0.0001,0
29.09.2016 01:23:29.575,49.105000000000004,49.045,0.0001,0
29.09.2016 01:23:32.512,49.1,49.04,0.0001,0
29.09.2016 01:23:33.678,49.105000000000004,49.045,0.0001,0
29.09.2016 01:23:39.685,49.11,49.050000000000004,0.0001,0
29.09.2016 01:23:41.988,49.105000000000004,49.045,0.0001,0
29.09.2016 01:23:45.492,49.095,49.035000000000004,0.0001,0
29.09.2016 01:23:45.993,49.1,49.04,0.0001,0
29.09.2016 01:24:31.058,49.115,49.055,0.0001,0
29.09.2016 01:24:42.972,49.11,49.050000000000004,0.0001,0
29.09.2016 01:25:10.661,49.115,49.055,0.0001,0
29.09.2016 01:25:13.636,49.120000000000005,49.06,0.0001,0
29.09.2016 01:25:14.537,49.115,49.055,0.0001,0
29.09.2016 01:25:25.752,49.11,49.050000000000004,0.0001,0
29.09.2016 01:25:45.072,49.105000000000004,49.045,0.0001,0
29.09.2016 01:26:28.447,49.1,49.04,0.0001,0
29.09.2016 01:26:36.154,49.095,49.035000000000004,0.0001,0
29.09.2016 01:27:05.385,49.085,49.025,0.0001,0
29.09.2016 01:27:10.790,49.08,49.02,0.0001,0
29.09.2016 01:27:26.200,49.085,49.025,0.0001,0
29.09.2016 01:27:39.933,49.08,49.02,0.0001,0
29.09.2016 01:27:40.434,49.07,49.01,0.0001,0
29.09.2016 01:28:17.272,49.075,49.015,0.0001,0
29.09.2016 01:28:27.582,49.08,49.02,0.0001,0
29.09.2016 01:28:38.293,49.075,49.015,0.0001,0
29.09.2016 01:28:55.617,49.07,49.01,0.0001,0
29.09.2016 01:29:16.748,49.08,49.02,0.0001,0
29.09.2016 01:29:24.258,49.085,49.025,0.0001,0
29.09.2016 01:29:36.372,49.08,49.02,0.0001,0
29.09.2016 01:29:48.983,49.085,49.025,0.0001,0
29.09.2016 01:29:52.129,49.08,49.02,0.0001,0
29.09.2016 01:29:56.293,49.095,49.025,0.0001,0
29.09.2016 01:30:17.015,49.085,49.025,0.0001,0
29.09.2016 01:30:17.317,49.105000000000004,49.045,0.0001,0
29.09.2016 01:30:28.629,49.1,49.04,0.0001,0
29.09.2016 01:30:37.281,49.08,49.02,0.0001,0
29.09.2016 01:30:38.839,49.065,49.005,0.0001,0
29.09.2016 01:30:40.647,49.08,49.02,0.0001,0
29.09.2016 01:30:55.767,49.075,49.015,0.0001,0
29.09.2016 01:30:56.242,49.07,49.01,0.0001,0
29.09.2016 01:30:58.661,49.035000000000004,48.975,0.0001,0
29.09.2016 01:30:59.222,49.025,48.965,0.0001,0
29.09.2016 01:31:01.364,49.015,48.955,0.0001,0
29.09.2016 01:31:03.366,49.01,48.95,0.0001,0
29.09.2016 01:31:10.673,48.99,48.93,0.0001,0
29.09.2016 01:31:23.197,48.995000000000005,48.925000000000004,0.0001,0
29.09.2016 01:31:24.901,49.01,48.95,0.0001,0
29.09.2016 01:31:39.414,49.005,48.945,0.0001,0
29.09.2016 01:31:39.815,49.015,48.955,0.0001,0
29.09.2016 01:31:42.018,48.995000000000005,48.935,0.0001,0
29.09.2016 01:31:42.471,48.99,48.93,0.0001,0
29.09.2016 01:32:04.139,48.980000000000004,48.92,0.0001,0
29.09.2016 01:32:15.049,48.985,48.925000000000004,0.0001,0
29.09.2016 01:32:39.677,48.975,48.915,0.0001,0
29.09.2016 01:32:41.310,48.97,48.910000000000004,0.0001,0
29.09.2016 01:32:41.668,48.975,48.915,0.0001,0
29.09.2016 01:32:45.561,48.97,48.910000000000004,0.0001,0
29.09.2016 01:32:49.587,48.965,48.905,0.0001,0
29.09.2016 01:32:50.588,48.95,48.89,0.0001,0
29.09.2016 01:32:51.255,48.955,48.895,0.0001,0
29.09.2016 01:32:51.790,48.94,48.88,0.0001,0
29.09.2016 01:32:52.095,48.935,48.875,0.0001,0
29.09.2016 01:32:55.401,48.94,48.88,0.0001,0
29.09.2016 01:32:56.988,48.93,48.870000000000005,0.0001,0
29.09.2016 01:32:57.804,48.935,48.875,0.0001,0
29.09.2016 01:32:59.005,48.94,48.88,0.0001,0
29.09.2016 01:33:06.714,48.95,48.89,0.0001,0
29.09.2016 01:33:11.919,48.945,48.885,0.0001,0
29.09.2016 01:33:17.304,48.955,48.895,0.0001,0
29.09.2016 01:33:27.021,48.96,48.9,0.0001,0
29.09.2016 01:33:30.626,48.955,48.895,0.0001,0
29.09.2016 01:33:31.928,48.96,48.9,0.0001,0
29.09.2016 01:33:41.738,48.95,48.89,0.0001,0
29.09.2016 01:33:59.657,48.945,48.865,0.0001,0
29.09.2016 01:34:00.108,48.93,48.870000000000005,0.0001,0
29.09.2016 01:34:05.764,48.925000000000004,48.865,0.0001,0
29.09.2016 01:34:07.166,48.92,48.86,0.0001,0
29.09.2016 01:34:09.383,48.915,48.855000000000004,0.0001,0
29.09.2016 01:34:16.576,48.92,48.86,0.0001,0
29.09.2016 01:34:17.093,48.915,48.855000000000004,0.0001,0
29.09.2016 01:34:23.984,48.92,48.86,0.0001,0
29.09.2016 01:34:29.396,48.915,48.855000000000004,0.0001,0
29.09.2016 01:34:38.597,48.905,48.845,0.0001,0
29.09.2016 01:34:42.100,48.9,48.84,0.0001,0
29.09.2016 01:34:42.638,48.910000000000004,48.85,0.0001,0
29.09.2016 01:34:44.203,48.905,48.845,0.0001,0
29.09.2016 01:34:54.412,48.915,48.855000000000004,0.0001,0
29.09.2016 01:34:59.317,48.92,48.86,0.0001,0
29.09.2016 01:35:01.821,48.925000000000004,48.865,0.0001,0
29.09.2016 01:35:12.932,48.93,48.870000000000005,0.0001,0
29.09.2016 01:35:34.051,48.935,48.875,0.0001,0
29.09.2016 01:35:36.153,48.93,48.870000000000005,0.0001,0
29.09.2016 01:35:39.504,48.935,48.875,0.0001,0
29.09.2016 01:35:41.659,48.94,48.88,0.0001,0
29.09.2016 01:35:52.569,48.935,48.875,0.0001,0
29.09.2016 01:35:56.377,48.925000000000004,48.865,0.0001,0
29.09.2016 01:36:05.085,48.910000000000004,48.85,0.0001,0
29.09.2016 01:36:05.586,48.895,48.835,0.0001,0
29.09.2016 01:36:06.086,48.89,48.83,0.0001,0
29.09.2016 01:36:11.792,48.915,48.835,0.0001,0
29.09.2016 01:36:11.993,48.895,48.835,0.0001,0
29.09.2016 01:36:12.573,48.9,48.84,0.0001,0
29.09.2016 01:36:23.607,48.910000000000004,48.85,0.0001,0
29.09.2016 01:36:26.711,48.905,48.845,0.0001,0
29.09.2016 01:36:40.023,48.910000000000004,48.85,0.0001,0
29.09.2016 01:36:43.938,48.93,48.870000000000005,0.0001,0
29.09.2016 01:36:44.298,48.945,48.885,0.0001,0
29.09.2016 01:36:50.954,48.945,48.875,0.0001,0
29.09.2016 01:37:08.654,48.93,48.870000000000005,0.0001,0
29.09.2016 01:37:18.665,48.945,48.885,0.0001,0
29.09.2016 01:37:36.882,48.95,48.89,0.0001,0
29.09.2016 01:37:50.736,48.945,48.885,0.0001,0
29.09.2016 01:38:06.145,48.95,48.89,0.0001,0
29.09.2016 01:38:06.929,48.96,48.9,0.0001,0
29.09.2016 01:38:09.016,48.955,48.895,0.0001,0
29.09.2016 01:38:12.977,48.96,48.9,0.0001,0
29.09.2016 01:38:13.621,48.955,48.895,0.0001,0
29.09.2016 01:38:17.249,48.95,48.89,0.0001,0
29.09.2016 01:38:54.592,48.945,48.885,0.0001,0
29.09.2016 01:38:55.019,48.94,48.88,0.0001,0
29.09.2016 01:38:57.789,48.94,48.865,0.0001,0
29.09.2016 01:39:02.335,48.93,48.855000000000004,0.0001,0
29.09.2016 01:39:12.505,48.94,48.88,0.0001,0
29.09.2016 01:39:12.915,48.935,48.875,0.0001,0
29.09.2016 01:39:13.525,48.94,48.88,0.0001,0
29.09.2016 01:39:19.716,48.935,48.875,0.0001,0
29.09.2016 01:39:24.853,48.94,48.88,0.0001,0
29.09.2016 01:39:35.233,48.935,48.875,0.0001,0
29.09.2016 01:39:36.713,48.925000000000004,48.865,0.0001,0
29.09.2016 01:39:39.438,48.935,48.875,0.0001,0
29.09.2016 01:39:40.239,48.945,48.885,0.0001,0
29.09.2016 01:39:41.040,48.95,48.89,0.0001,0
29.09.2016 01:39:47.947,48.955,48.895,0.0001,0
29.09.2016 01:39:54.554,48.96,48.9,0.0001,0
29.09.2016 01:40:06.570,48.955,48.885,0.0001,0
29.09.2016 01:40:09.373,48.94,48.88,0.0001,0
29.09.2016 01:40:19.284,48.945,48.885,0.0001,0
29.09.2016 01:40:32.102,48.94,48.88,0.0001,0
29.09.2016 01:40:49.044,48.955,48.885,0.0001,0
29.09.2016 01:40:57.728,48.95,48.89,0.0001,0
29.09.2016 01:41:02.133,48.94,48.88,0.0001,0
29.09.2016 01:41:30.062,48.935,48.875,0.0001,0
29.09.2016 01:41:42.778,48.93,48.870000000000005,0.0001,0
29.09.2016 01:41:47.985,48.935,48.875,0.0001,0
29.09.2016 01:41:48.986,48.93,48.870000000000005,0.0001,0
29.09.2016 01:41:55.013,48.935,48.875,0.0001,0
29.09.2016 01:42:17.838,48.93,48.870000000000005,0.0001,0
29.09.2016 01:42:31.157,48.92,48.86,0.0001,0
29.09.2016 01:42:44.876,48.93,48.870000000000005,0.0001,0
29.09.2016 01:45:03.853,48.935,48.875,0.0001,0
29.09.2016 01:45:15.986,48.94,48.88,0.0001,0
29.09.2016 01:45:34.013,48.945,48.885,0.0001,0
29.09.2016 01:45:54.546,48.95,48.89,0.0001,0
29.09.2016 01:46:06.245,48.955,48.895,0.0001,0
29.09.2016 01:46:48.993,48.95,48.89,0.0001,0
29.09.2016 01:47:46.674,48.945,48.885,0.0001,0
29.09.2016 01:47:53.572,48.935,48.875,0.0001,0
29.09.2016 01:47:54.068,48.93,48.870000000000005,0.0001,0
29.09.2016 01:47:54.801,48.935,48.875,0.0001,0
29.09.2016 01:48:05.505,48.93,48.870000000000005,0.0001,0
29.09.2016 01:48:09.091,48.925000000000004,48.865,0.0001,0
29.09.2016 01:48:10.237,48.92,48.86,0.0001,0
29.09.2016 01:48:10.821,48.925000000000004,48.865,0.0001,0
29.09.2016 01:48:12.895,48.92,48.86,0.0001,0
29.09.2016 01:48:13.289,48.93,48.870000000000005,0.0001,0
29.09.2016 01:48:13.960,48.92,48.86,0.0001,0
29.09.2016 01:48:14.402,48.93,48.870000000000005,0.0001,0
29.09.2016 01:48:14.898,48.925000000000004,48.865,0.0001,0
29.09.2016 01:48:15.321,48.92,48.86,0.0001,0
29.09.2016 01:48:17.100,48.925000000000004,48.865,0.0001,0
29.09.2016 01:48:18.150,48.93,48.870000000000005,0.0001,0
29.09.2016 01:48:19.304,48.925000000000004,48.865,0.0001,0
29.09.2016 01:48:24.422,48.92,48.86,0.0001,0
29.09.2016 01:48:27.016,48.925000000000004,48.865,0.0001,0
29.09.2016 01:48:27.717,48.92,48.86,0.0001,0
29.09.2016 01:48:41.331,48.9,48.84,0.0001,0
29.09.2016 01:48:45.535,48.895,48.835,0.0001,0
29.09.2016 01:48:48.238,48.89,48.83,0.0001,0
29.09.2016 01:48:48.765,48.88,48.82,0.0001,0
29.09.2016 01:48:49.240,48.875,48.815,0.0001,0
29.09.2016 01:48:54.047,48.870000000000005,48.81,0.0001,0
29.09.2016 01:48:59.352,48.865,48.805,0.0001,0
29.09.2016 01:49:01.154,48.870000000000005,48.81,0.0001,0
29.09.2016 01:49:04.657,48.86,48.800000000000004,0.0001,0
29.09.2016 01:49:05.759,48.85,48.79,0.0001,0
29.09.2016 01:49:10.764,48.855000000000004,48.795,0.0001,0
29.09.2016 01:49:11.966,48.845,48.785000000000004,0.0001,0
29.09.2016 01:49:12.505,48.84,48.78,0.0001,0
29.09.2016 01:49:15.070,48.825,48.765,0.0001,0
29.09.2016 01:49:16.072,48.815,48.755,0.0001,0
29.09.2016 01:49:16.466,48.83,48.77,0.0001,0
29.09.2016 01:49:17.874,48.825,48.765,0.0001,0
29.09.2016 01:49:18.495,48.83,48.77,0.0001,0
29.09.2016 01:49:19.376,48.825,48.765,0.0001,0
29.09.2016 01:49:20.477,48.83,48.77,0.0001,0
29.09.2016 01:49:21.178,48.825,48.765,0.0001,0
29.09.2016 01:49:22.380,48.815,48.755,0.0001,0
29.09.2016 01:49:23.581,48.81,48.75,0.0001,0
29.09.2016 01:49:23.881,48.815,48.755,0.0001,0
29.09.2016 01:49:25.034,48.81,48.75,0.0001,0
29.09.2016 01:49:27.486,48.805,48.745000000000005,0.0001,0
29.09.2016 01:49:29.124,48.81,48.75,0.0001,0
29.09.2016 01:49:29.534,48.815,48.755,0.0001,0
29.09.2016 01:49:30.189,48.805,48.745000000000005,0.0001,0
29.09.2016 01:49:31.791,48.795,48.735,0.0001,0
29.09.2016 01:49:32.191,48.805,48.745000000000005,0.0001,0
29.09.2016 01:49:34.496,48.795,48.735,0.0001,0
29.09.2016 01:49:35.155,48.805,48.745000000000005,0.0001,0
29.09.2016 01:49:36.697,48.800000000000004,48.74,0.0001,0
29.09.2016 01:49:37.082,48.795,48.735,0.0001,0
29.09.2016 01:49:38.000,48.800000000000004,48.74,0.0001,0
29.09.2016 01:49:38.600,48.79,48.730000000000004,0.0001,0
29.09.2016 01:49:39.124,48.785000000000004,48.725,0.0001,0
29.09.2016 01:49:39.602,48.79,48.730000000000004,0.0001,0
29.09.2016 01:49:40.264,48.795,48.735,0.0001,0
29.09.2016 01:49:41.840,48.785000000000004,48.725,0.0001,0
29.09.2016 01:49:43.537,48.78,48.72,0.0001,0
29.09.2016 01:49:44.208,48.785000000000004,48.725,0.0001,0
29.09.2016 01:49:45.009,48.78,48.72,0.0001,0
29.09.2016 01:49:45.322,48.785000000000004,48.725,0.0001,0
29.09.2016 01:49:46.216,48.785000000000004,48.715,0.0001,0
29.09.2016 01:49:47.418,48.77,48.71,0.0001,0
29.09.2016 01:49:48.720,48.765,48.705,0.0001,0
29.09.2016 01:49:49.239,48.775,48.715,0.0001,0
29.09.2016 01:49:51.423,48.77,48.71,0.0001,0
29.09.2016 01:49:52.124,48.765,48.705,0.0001,0
29.09.2016 01:49:52.554,48.775,48.715,0.0001,0
29.09.2016 01:49:54.554,48.765,48.705,0.0001,0
29.09.2016 01:49:55.630,48.775,48.705,0.0001,0
29.09.2016 01:49:55.936,48.76,48.7,0.0001,0
29.09.2016 01:50:02.350,48.75,48.69,0.0001,0
29.09.2016 01:50:03.652,48.745000000000005,48.685,0.0001,0
29.09.2016 01:50:05.375,48.745000000000005,48.675000000000004,0.0001,0
29.09.2016 01:50:05.476,48.75,48.69,0.0001,0
29.09.2016 01:50:08.059,48.74,48.68,0.0001,0
29.09.2016 01:50:08.393,48.745000000000005,48.685,0.0001,0
29.09.2016 01:50:08.961,48.74,48.68,0.0001,0
29.09.2016 01:50:12.178,48.75,48.69,0.0001,0
29.09.2016 01:50:32.989,48.745000000000005,48.685,0.0001,0
29.09.2016 01:50:38.552,48.75,48.69,0.0001,0
29.09.2016 01:50:42.394,48.76,48.7,0.0001,0
29.09.2016 01:50:52.104,48.77,48.71,0.0001,0
29.09.2016 01:50:52.705,48.775,48.715,0.0001,0
29.09.2016 01:50:59.612,48.785000000000004,48.725,0.0001,0
29.09.2016 01:51:06.332,48.78,48.72,0.0001,0
29.09.2016 01:51:10.724,48.795,48.735,0.0001,0
29.09.2016 01:51:11.225,48.79,48.730000000000004,0.0001,0
29.09.2016 01:51:12.654,48.785000000000004,48.725,0.0001,0
29.09.2016 01:51:13.234,48.79,48.730000000000004,0.0001,0
29.09.2016 01:51:13.829,48.795,48.735,0.0001,0
29.09.2016 01:51:19.435,48.800000000000004,48.74,0.0001,0
29.09.2016 01:51:19.832,48.805,48.745000000000005,0.0001,0
29.09.2016 01:51:21.537,48.815,48.755,0.0001,0
29.09.2016 01:51:22.138,48.81,48.75,0.0001,0
29.09.2016 01:51:27.543,48.815,48.755,0.0001,0
29.09.2016 01:51:38.354,48.805,48.745000000000005,0.0001,0
29.09.2016 01:51:43.661,48.800000000000004,48.74,0.0001,0
29.09.2016 01:51:44.161,48.805,48.745000000000005,0.0001,0
29.09.2016 01:51:57.074,48.800000000000004,48.74,0.0001,0
29.09.2016 01:52:20.385,48.795,48.735,0.0001,0
29.09.2016 01:53:07.268,48.800000000000004,48.74,0.0001,0
29.09.2016 01:53:17.760,48.79,48.730000000000004,0.0001,0
29.09.2016 01:53:26.968,48.795,48.735,0.0001,0
29.09.2016 01:54:13.123,48.800000000000004,48.74,0.0001,0
29.09.2016 01:55:10.001,48.795,48.735,0.0001,0
29.09.2016 01:55:16.302,48.79,48.730000000000004,0.0001,0
29.09.2016 01:55:22.340,48.76,48.7,0.0001,0
29.09.2016 01:55:33.342,48.75,48.69,0.0001,0
29.09.2016 01:55:39.456,48.755,48.695,0.0001,0
29.09.2016 01:56:08.575,48.76,48.7,0.0001,0
29.09.2016 01:57:39.003,48.765,48.705,0.0001,0
29.09.2016 01:58:25.046,48.77,48.71,0.0001,0
29.09.2016 01:58:26.375,48.78,48.72,0.0001,0
29.09.2016 01:58:43.987,48.785000000000004,48.725,0.0001,0
29.09.2016 01:58:51.990,48.795,48.735,0.0001,0
29.09.2016 01:59:00.624,48.805,48.745000000000005,0.0001,0
29.09.2016 01:59:03.184,48.81,48.75,0.0001,0
29.09.2016 01:59:11.538,48.82,48.76,0.0001,0
29.09.2016 01:59:44.368,48.825,48.765,0.0001,0
29.09.2016 01:59:44.928,48.82,48.76,0.0001,0
29.09.2016 01:59:48.331,48.825,48.765,0.0001,0
29.09.2016 02:00:01.143,48.82,48.76,0.0001,0
29.09.2016 02:00:24.883,48.815,48.755,0.0001,0
29.09.2016 02:00:25.884,48.82,48.76,0.0001,0
29.09.2016 02:01:37.176,48.81,48.75,0.0001,0
29.09.2016 02:01:45.985,48.805,48.745000000000005,0.0001,0
29.09.2016 02:01:51.395,48.81,48.75,0.0001,0
29.09.2016 02:01:51.996,48.805,48.745000000000005,0.0001,0
29.09.2016 02:02:10.466,48.800000000000004,48.74,0.0001,0
29.09.2016 02:02:20.175,48.795,48.735,0.0001,0
29.09.2016 02:02:23.980,48.800000000000004,48.74,0.0001,0
29.09.2016 02:02:28.591,48.795,48.735,0.0001,0
29.09.2016 02:02:35.411,48.785000000000004,48.725,0.0001,0
29.09.2016 02:02:38.200,48.78,48.72,0.0001,0
29.09.2016 02:03:30.065,48.775,48.715,0.0001,0
29.09.2016 02:03:36.973,48.78,48.72,0.0001,0
29.09.2016 02:04:01.699,48.775,48.715,0.0001,0
29.09.2016 02:04:34.636,48.77,48.71,0.0001,0
29.09.2016 02:04:35.236,48.765,48.705,0.0001,0
29.09.2016 02:04:36.881,48.77,48.71,0.0001,0
29.09.2016 02:04:38.140,48.765,48.705,0.0001,0
29.09.2016 02:04:40.342,48.77,48.71,0.0001,0
29.09.2016 02:04:42.248,48.765,48.705,0.0001,0
29.09.2016 02:04:44.947,48.755,48.695,0.0001,0
29.09.2016 02:04:51.353,48.75,48.69,0.0001,0
29.09.2016 02:04:51.860,48.745000000000005,48.685,0.0001,0
29.09.2016 02:04:58.461,48.75,48.69,0.0001,0
29.09.2016 02:04:58.862,48.745000000000005,48.685,0.0001,0
29.09.2016 02:04:59.224,48.75,48.69,0.0001,0
29.09.2016 02:04:59.604,48.74,48.68,0.0001,0
29.09.2016 02:05:01.020,48.735,48.675000000000004,0.0001,0
29.09.2016 02:05:05.672,48.74,48.68,0.0001,0
29.09.2016 02:05:07.074,48.735,48.675000000000004,0.0001,0
29.09.2016 02:05:09.777,48.74,48.68,0.0001,0
29.09.2016 02:05:11.779,48.730000000000004,48.67,0.0001,0
29.09.2016 02:05:14.983,48.725,48.665,0.0001,0
29.09.2016 02:05:15.363,48.730000000000004,48.67,0.0001,0
29.09.2016 02:05:16.486,48.725,48.665,0.0001,0
29.09.2016 02:05:17.487,48.730000000000004,48.67,0.0001,0
29.09.2016 02:05:20.190,48.725,48.665,0.0001,0
29.09.2016 02:05:20.575,48.730000000000004,48.67,0.0001,0
29.09.2016 02:05:23.494,48.725,48.665,0.0001,0
29.09.2016 02:05:23.876,48.730000000000004,48.67,0.0001,0
29.09.2016 02:05:24.195,48.735,48.675000000000004,0.0001,0
29.09.2016 02:05:24.795,48.730000000000004,48.67,0.0001,0
29.09.2016 02:05:25.997,48.74,48.68,0.0001,0
29.09.2016 02:05:26.999,48.735,48.675000000000004,0.0001,0
29.09.2016 02:05:27.400,48.730000000000004,48.67,0.0001,0
29.09.2016 02:05:27.904,48.74,48.68,0.0001,0
29.09.2016 02:05:29.605,48.735,48.675000000000004,0.0001,0
29.09.2016 02:05:30.007,48.730000000000004,48.67,0.0001,0
29.09.2016 02:05:35.304,48.735,48.675000000000004,0.0001,0
29.09.2016 02:05:37.713,48.74,48.68,0.0001,0
29.09.2016 02:05:45.020,48.725,48.665,0.0001,0
29.09.2016 02:05:46.422,48.72,48.660000000000004,0.0001,0
29.09.2016 02:05:49.448,48.715,48.655,0.0001,0
29.09.2016 02:05:52.563,48.705,48.645,0.0001,0
29.09.2016 02:05:53.172,48.71,48.65,0.0001,0
29.09.2016 02:05:55.944,48.705,48.645,0.0001,0
29.09.2016 02:05:56.519,48.71,48.65,0.0001,0
29.09.2016 02:05:57.635,48.7,48.64,0.0001,0
29.09.2016 02:05:58.170,48.705,48.645,0.0001,0
29.09.2016 02:05:58.937,48.7,48.64,0.0001,0
29.09.2016 02:05:59.871,48.705,48.645,0.0001,0
29.09.2016 02:06:00.540,48.71,48.65,0.0001,0
29.09.2016 02:06:02.742,48.715,48.655,0.0001,0
29.09.2016 02:06:04.889,48.730000000000004,48.67,0.0001,0
29.09.2016 02:06:06.593,48.725,48.665,0.0001,0
29.09.2016 02:06:08.752,48.72,48.660000000000004,0.0001,0
29.09.2016 02:06:13.357,48.730000000000004,48.67,0.0001,0
29.09.2016 02:06:13.846,48.725,48.665,0.0001,0
29.09.2016 02:06:17.562,48.730000000000004,48.67,0.0001,0
29.09.2016 02:06:25.272,48.72,48.660000000000004,0.0001,0
29.09.2016 02:06:25.780,48.715,48.655,0.0001,0
29.09.2016 02:06:32.978,48.71,48.65,0.0001,0
29.09.2016 02:06:33.373,48.705,48.645,0.0001,0
29.09.2016 02:06:34.588,48.71,48.65,0.0001,0
29.09.2016 02:06:35.889,48.705,48.645,0.0001,0
29.09.2016 02:06:36.190,48.71,48.65,0.0001,0
29.09.2016 02:06:37.892,48.705,48.645,0.0001,0
29.09.2016 02:06:38.417,48.695,48.635,0.0001,0
29.09.2016 02:06:40.695,48.69,48.63,0.0001,0
29.09.2016 02:06:41.999,48.695,48.635,0.0001,0
29.09.2016 02:06:42.500,48.7,48.64,0.0001,0
29.09.2016 02:06:43.173,48.695,48.635,0.0001,0
29.09.2016 02:06:43.703,48.69,48.63,0.0001,0
29.09.2016 02:06:44.303,48.695,48.635,0.0001,0
29.09.2016 02:06:45.604,48.69,48.63,0.0001,0
29.09.2016 02:06:46.105,48.685,48.625,0.0001,0
29.09.2016 02:07:00.560,48.69,48.63,0.0001,0
29.09.2016 02:07:02.924,48.695,48.635,0.0001,0
29.09.2016 02:07:03.339,48.7,48.64,0.0001,0
29.09.2016 02:07:08.339,48.715,48.655,0.0001,0
29.09.2016 02:07:09.072,48.7,48.64,0.0001,0
29.09.2016 02:07:09.748,48.71,48.65,0.0001,0
29.09.2016 02:07:10.328,48.715,48.655,0.0001,0
29.09.2016 02:07:25.157,48.705,48.645,0.0001,0
29.09.2016 02:07:28.561,48.71,48.65,0.0001,0
29.09.2016 02:07:35.177,48.695,48.635,0.0001,0
29.09.2016 02:07:44.253,48.7,48.64,0.0001,0
29.09.2016 02:07:44.582,48.705,48.645,0.0001,0
29.09.2016 02:07:47.117,48.695,48.635,0.0001,0
29.09.2016 02:08:03.100,48.7,48.64,0.0001,0
29.09.2016 02:08:05.571,48.695,48.635,0.0001,0
29.09.2016 02:08:09.707,48.69,48.63,0.0001,0
29.09.2016 02:08:32.130,48.68,48.620000000000005,0.0001,0
29.09.2016 02:08:41.337,48.685,48.625,0.0001,0
29.09.2016 02:08:42.639,48.69,48.63,0.0001,0
29.09.2016 02:08:43.941,48.68,48.620000000000005,0.0001,0
29.09.2016 02:08:44.849,48.69,48.63,0.0001,0
29.09.2016 02:08:50.255,48.695,48.625,0.0001,0
29.09.2016 02:08:52.057,48.69,48.63,0.0001,0
29.09.2016 02:08:53.558,48.695,48.635,0.0001,0
29.09.2016 02:09:00.571,48.68,48.620000000000005,0.0001,0
29.09.2016 02:09:02.493,48.69,48.63,0.0001,0
29.09.2016 02:09:07.113,48.7,48.64,0.0001,0
29.09.2016 02:09:19.484,48.705,48.645,0.0001,0
29.09.2016 02:09:23.406,48.715,48.655,0.0001,0
29.09.2016 02:09:27.096,48.71,48.65,0.0001,0
29.09.2016 02:09:31.601,48.715,48.655,0.0001,0
29.09.2016 02:09:38.810,48.71,48.65,0.0001,0
29.09.2016 02:10:03.365,48.715,48.655,0.0001,0
29.09.2016 02:10:15.477,48.72,48.660000000000004,0.0001,0
29.09.2016 02:10:33.494,48.725,48.665,0.0001,0
29.09.2016 02:10:45.421,48.730000000000004,48.67,0.0001,0
29.09.2016 02:10:49.371,48.725,48.665,0.0001,0
29.09.2016 02:10:49.828,48.72,48.660000000000004,0.0001,0
29.09.2016 02:10:55.834,48.715,48.655,0.0001,0
29.09.2016 02:11:00.039,48.715,48.655,0.0001,0
29.09.2016 02:11:13.354,48.71,48.65,0.0001,0
29.09.2016 02:11:13.781,48.72,48.660000000000004,0.0001,0
29.09.2016 02:11:15.477,48.715,48.655,0.0001,0
29.09.2016 02:11:17.159,48.72,48.660000000000004,0.0001,0
29.09.2016 02:11:19.062,48.715,48.655,0.0001,0
29.09.2016 02:11:19.963,48.725,48.665,0.0001,0
29.09.2016 02:11:20.364,48.730000000000004,48.67,0.0001,0
29.09.2016 02:11:20.889,48.725,48.665,0.0001,0
29.09.2016 02:11:23.786,48.72,48.660000000000004,0.0001,0
29.09.2016 02:11:24.277,48.715,48.655,0.0001,0
29.09.2016 02:11:24.805,48.72,48.660000000000004,0.0001,0
29.09.2016 02:11:25.266,48.715,48.655,0.0001,0
29.09.2016 02:11:32.807,48.72,48.660000000000004,0.0001,0
29.09.2016 02:11:34.267,48.715,48.655,0.0001,0
29.09.2016 02:11:36.484,48.725,48.665,0.0001,0
29.09.2016 02:11:41.790,48.72,48.660000000000004,0.0001,0
29.09.2016 02:11:43.333,48.725,48.665,0.0001,0
29.09.2016 02:11:45.096,48.72,48.660000000000004,0.0001,0
29.09.2016 02:11:48.800,48.725,48.665,0.0001,0
29.09.2016 02:11:49.226,48.72,48.660000000000004,0.0001,0
29.09.2016 02:12:02.864,48.725,48.665,0.0001,0
29.09.2016 02:12:06.025,48.730000000000004,48.67,0.0001,0
29.09.2016 02:12:10.135,48.725,48.665,0.0001,0
29.09.2016 02:12:26.654,48.72,48.660000000000004,0.0001,0
29.09.2016 02:12:50.778,48.725,48.665,0.0001,0
29.09.2016 02:12:53.885,48.730000000000004,48.67,0.0001,0
29.09.2016 02:13:16.206,48.72,48.660000000000004,0.0001,0
29.09.2016 02:13:32.030,48.725,48.665,0.0001,0
29.09.2016 02:13:38.468,48.730000000000004,48.67,0.0001,0
29.09.2016 02:13:38.787,48.725,48.665,0.0001,0
29.09.2016 02:13:43.141,48.730000000000004,48.67,0.0001,0
29.09.2016 02:13:43.750,48.725,48.665,0.0001,0
29.09.2016 02:13:55.556,48.730000000000004,48.67,0.0001,0
29.09.2016 02:14:13.674,48.72,48.660000000000004,0.0001,0
29.09.2016 02:14:22.285,48.725,48.665,0.0001,0
29.09.2016 02:14:29.751,48.730000000000004,48.67,0.0001,0
29.09.2016 02:14:30.075,48.72,48.660000000000004,0.0001,0
29.09.2016 02:15:00.831,48.715,48.655,0.0001,0
29.09.2016 02:15:31.791,48.71,48.65,0.0001,0
29.09.2016 02:15:33.071,48.7,48.64,0.0001,0
29.09.2016 02:15:33.571,48.695,48.635,0.0001,0
29.09.2016 02:15:55.302,48.7,48.64,0.0001,0
29.09.2016 02:16:06.620,48.705,48.645,0.0001,0
29.09.2016 02:16:17.337,48.71,48.65,0.0001,0
29.09.2016 02:16:43.901,48.7,48.64,0.0001,0
29.09.2016 02:17:00.630,48.705,48.645,0.0001,0
29.09.2016 02:17:02.835,48.715,48.655,0.0001,0
29.09.2016 02:17:03.636,48.725,48.665,0.0001,0
29.09.2016 02:17:05.539,48.730000000000004,48.67,0.0001,0
29.09.2016 02:17:06.887,48.74,48.68,0.0001,0
29.09.2016 02:17:08.243,48.735,48.675000000000004,0.0001,0
29.09.2016 02:17:10.046,48.730000000000004,48.67,0.0001,0
29.09.2016 02:17:11.656,48.72,48.660000000000004,0.0001,0
29.09.2016 02:17:12.037,48.730000000000004,48.67,0.0001,0
29.09.2016 02:17:18.266,48.735,48.665,0.0001,0
29.09.2016 02:17:22.577,48.735,48.675000000000004,0.0001,0
29.09.2016 02:17:22.784,48.735,48.665,0.0001,0
29.09.2016 02:17:25.582,48.735,48.675000000000004,0.0001,0
29.09.2016 02:17:27.406,48.725,48.665,0.0001,0
29.09.2016 02:17:31.491,48.730000000000004,48.67,0.0001,0
29.09.2016 02:17:34.897,48.74,48.68,0.0001,0
29.09.2016 02:17:37.800,48.745000000000005,48.685,0.0001,0
29.09.2016 02:17:45.217,48.755,48.695,0.0001,0
29.09.2016 02:17:49.825,48.76,48.7,0.0001,0
29.09.2016 02:17:56.065,48.765,48.705,0.0001,0
29.09.2016 02:18:04.948,48.77,48.71,0.0001,0
29.09.2016 02:18:05.349,48.765,48.705,0.0001,0
29.09.2016 02:18:09.955,48.76,48.7,0.0001,0
29.09.2016 02:18:37.093,48.75,48.69,0.0001,0
29.09.2016 02:18:40.195,48.755,48.695,0.0001,0
29.09.2016 02:18:50.806,48.76,48.7,0.0001,0
29.09.2016 02:18:51.292,48.755,48.695,0.0001,0
29.09.2016 02:19:00.822,48.745000000000005,48.685,0.0001,0
29.09.2016 02:19:11.135,48.74,48.68,0.0001,0
29.09.2016 02:19:24.565,48.745000000000005,48.685,0.0001,0
29.09.2016 02:19:33.103,48.74,48.68,0.0001,0
29.09.2016 02:19:41.735,48.75,48.69,0.0001,0
29.09.2016 02:19:50.432,48.76,48.7,0.0001,0
29.09.2016 02:19:55.477,48.78,48.72,0.0001,0
29.09.2016 02:19:57.834,48.77,48.71,0.0001,0
29.09.2016 02:20:03.246,48.78,48.72,0.0001,0
29.09.2016 02:20:25.084,48.775,48.715,0.0001,0
29.09.2016 02:20:35.801,48.78,48.72,0.0001,0
29.09.2016 02:20:40.315,48.785000000000004,48.725,0.0001,0
29.09.2016 02:20:44.917,48.79,48.730000000000004,0.0001,0
29.09.2016 02:20:51.133,48.795,48.735,0.0001,0
29.09.2016 02:21:10.184,48.800000000000004,48.74,0.0001,0
29.09.2016 02:21:15.094,48.795,48.735,0.0001,0
29.09.2016 02:21:19.601,48.800000000000004,48.74,0.0001,0
29.09.2016 02:21:19.902,48.795,48.735,0.0001,0
29.09.2016 02:21:20.602,48.800000000000004,48.74,0.0001,0
29.09.2016 02:21:23.612,48.81,48.75,0.0001,0
29.09.2016 02:21:35.929,48.805,48.745000000000005,0.0001,0
29.09.2016 02:21:37.431,48.800000000000004,48.74,0.0001,0
29.09.2016 02:22:04.080,48.795,48.735,0.0001,0
29.09.2016 02:22:23.507,48.800000000000004,48.74,0.0001,0
29.09.2016 02:22:37.431,48.795,48.735,0.0001,0
29.09.2016 02:22:45.844,48.800000000000004,48.74,0.0001,0
29.09.2016 02:22:50.450,48.795,48.735,0.0001,0
29.09.2016 02:22:52.547,48.805,48.745000000000005,0.0001,0
29.09.2016 02:22:57.361,48.800000000000004,48.74,0.0001,0
29.09.2016 02:23:01.562,48.805,48.745000000000005,0.0001,0
29.09.2016 02:23:14.108,48.82,48.76,0.0001,0
29.09.2016 02:23:15.878,48.825,48.765,0.0001,0
29.09.2016 02:23:25.493,48.83,48.77,0.0001,0
29.09.2016 02:23:33.523,48.835,48.775,0.0001,0
29.09.2016 02:23:34.096,48.84,48.78,0.0001,0
29.09.2016 02:23:46.317,48.835,48.775,0.0001,0
29.09.2016 02:23:48.130,48.845,48.785000000000004,0.0001,0
29.09.2016 02:23:48.519,48.85,48.79,0.0001,0
29.09.2016 02:23:51.122,48.845,48.785000000000004,0.0001,0
29.09.2016 02:24:01.758,48.855000000000004,48.795,0.0001,0
29.09.2016 02:24:11.472,48.86,48.800000000000004,0.0001,0
29.09.2016 02:24:23.601,48.845,48.785000000000004,0.0001,0
29.09.2016 02:24:26.735,48.86,48.800000000000004,0.0001,0
29.09.2016 02:24:50.440,48.85,48.79,0.0001,0
29.09.2016 02:25:04.374,48.845,48.785000000000004,0.0001,0
29.09.2016 02:25:31.008,48.84,48.78,0.0001,0
29.09.2016 02:25:47.714,48.845,48.785000000000004,0.0001,0
29.09.2016 02:27:41.693,48.84,48.78,0.0001,0
29.09.2016 02:27:56.904,48.845,48.785000000000004,0.0001,0
29.09.2016 02:27:57.487,48.84,48.78,0.0001,0
29.09.2016 02:28:11.021,48.845,48.785000000000004,0.0001,0
29.09.2016 02:29:43.365,48.84,48.78,0.0001,0
29.09.2016 02:29:46.068,48.845,48.785000000000004,0.0001,0
29.09.2016 02:29:50.542,48.84,48.78,0.0001,0
29.09.2016 02:29:50.974,48.85,48.79,0.0001,0
29.09.2016 02:29:57.882,48.845,48.785000000000004,0.0001,0
29.09.2016 02:29:59.085,48.84,48.78,0.0001,0
29.09.2016 02:30:03.395,48.845,48.785000000000004,0.0001,0
29.09.2016 02:30:05.237,48.84,48.78,0.0001,0
29.09.2016 02:30:14.217,48.83,48.77,0.0001,0
29.09.2016 02:30:14.642,48.82,48.76,0.0001,0
29.09.2016 02:30:14.995,48.815,48.755,0.0001,0
29.09.2016 02:30:16.823,48.82,48.76,0.0001,0
29.09.2016 02:30:27.068,48.81,48.75,0.0001,0
29.09.2016 02:30:27.845,48.825,48.735,0.0001,0
29.09.2016 02:30:29.967,48.815,48.755,0.0001,0
29.09.2016 02:30:30.784,48.825,48.765,0.0001,0
29.09.2016 02:30:31.197,48.82,48.76,0.0001,0
29.09.2016 02:30:43.089,48.825,48.765,0.0001,0
29.09.2016 02:30:43.590,48.83,48.77,0.0001,0
29.09.2016 02:30:44.698,48.835,48.775,0.0001,0
29.09.2016 02:30:54.520,48.84,48.78,0.0001,0
29.09.2016 02:31:00.956,48.845,48.785000000000004,0.0001,0
29.09.2016 02:31:04.591,48.85,48.79,0.0001,0
29.09.2016 02:31:17.034,48.845,48.785000000000004,0.0001,0
29.09.2016 02:31:18.934,48.835,48.775,0.0001,0
29.09.2016 02:31:37.782,48.83,48.77,0.0001,0
29.09.2016 02:31:49.907,48.825,48.765,0.0001,0
29.09.2016 02:32:00.525,48.82,48.76,0.0001,0
29.09.2016 02:32:01.027,48.84,48.78,0.0001,0
29.09.2016 02:32:03.831,48.845,48.785000000000004,0.0001,0
29.09.2016 02:32:11.846,48.835,48.775,0.0001,0
29.09.2016 02:32:13.449,48.83,48.77,0.0001,0
29.09.2016 02:32:13.950,48.82,48.76,0.0001,0
29.09.2016 02:32:18.455,48.835,48.775,0.0001,0
29.09.2016 02:32:27.472,48.845,48.785000000000004,0.0001,0
29.09.2016 02:32:39.290,48.85,48.79,0.0001,0
29.09.2016 02:32:56.765,48.845,48.785000000000004,0.0001,0
29.09.2016 02:32:57.116,48.84,48.78,0.0001,0
29.09.2016 02:32:57.921,48.845,48.785000000000004,0.0001,0
29.09.2016 02:33:13.446,48.84,48.78,0.0001,0
29.09.2016 02:33:31.493,48.835,48.775,0.0001,0
29.09.2016 02:33:40.108,48.83,48.77,0.0001,0
29.09.2016 02:33:46.528,48.835,48.775,0.0001,0
29.09.2016 02:33:52.762,48.84,48.78,0.0001,0
29.09.2016 02:33:53.337,48.85,48.79,0.0001,0
29.09.2016 02:34:00.044,48.845,48.785000000000004,0.0001,0
29.09.2016 02:34:11.964,48.85,48.79,0.0001,0
29.09.2016 02:34:23.379,48.845,48.785000000000004,0.0001,0
29.09.2016 02:34:30.489,48.85,48.79,0.0001,0
29.09.2016 02:34:31.491,48.845,48.785000000000004,0.0001,0
29.09.2016 02:34:40.003,48.835,48.775,0.0001,0
29.09.2016 02:34:49.618,48.84,48.78,0.0001,0
29.09.2016 02:35:27.669,48.835,48.775,0.0001,0
29.09.2016 02:35:39.290,48.83,48.77,0.0001,0
29.09.2016 02:35:39.591,48.835,48.775,0.0001,0
29.09.2016 02:35:51.610,48.84,48.78,0.0001,0
29.09.2016 02:35:57.117,48.83,48.77,0.0001,0
29.09.2016 02:36:04.124,48.835,48.775,0.0001,0
29.09.2016 02:36:07.228,48.84,48.78,0.0001,0
29.09.2016 02:36:07.729,48.835,48.775,0.0001,0
29.09.2016 02:36:14.858,48.83,48.77,0.0001,0
29.09.2016 02:36:17.041,48.825,48.765,0.0001,0
29.09.2016 02:36:29.009,48.82,48.76,0.0001,0
29.09.2016 02:36:50.499,48.825,48.765,0.0001,0
29.09.2016 02:37:17.330,48.82,48.76,0.0001,0
29.09.2016 02:37:31.188,48.815,48.755,0.0001,0
29.09.2016 02:37:51.031,48.81,48.75,0.0001,0
29.09.2016 02:38:03.633,48.82,48.76,0.0001,0
29.09.2016 02:38:04.064,48.815,48.755,0.0001,0
29.09.2016 02:38:10.744,48.81,48.75,0.0001,0
29.09.2016 02:38:20.857,48.800000000000004,48.74,0.0001,0
29.09.2016 02:38:26.895,48.775,48.715,0.0001,0
29.09.2016 02:38:28.274,48.77,48.71,0.0001,0
29.09.2016 02:38:29.268,48.775,48.715,0.0001,0
29.09.2016 02:38:30.071,48.785000000000004,48.725,0.0001,0
29.09.2016 02:38:45.191,48.78,48.72,0.0001,0
29.09.2016 02:38:45.728,48.775,48.715,0.0001,0
29.09.2016 02:38:46.108,48.78,48.72,0.0001,0
29.09.2016 02:38:46.827,48.775,48.715,0.0001,0
29.09.2016 02:38:49.695,48.77,48.71,0.0001,0
29.09.2016 02:38:50.096,48.775,48.715,0.0001,0
29.09.2016 02:38:51.899,48.77,48.71,0.0001,0
29.09.2016 02:38:57.809,48.775,48.715,0.0001,0
29.09.2016 02:39:30.576,48.77,48.71,0.0001,0
29.09.2016 02:39:48.998,48.775,48.715,0.0001,0
29.09.2016 02:41:07.914,48.785000000000004,48.725,0.0001,0
29.09.2016 02:41:18.031,48.775,48.715,0.0001,0
29.09.2016 02:41:18.932,48.77,48.71,0.0001,0
29.09.2016 02:41:28.443,48.765,48.705,0.0001,0
29.09.2016 02:41:50.722,48.77,48.71,0.0001,0
29.09.2016 02:42:28.928,48.775,48.715,0.0001,0
29.09.2016 02:42:35.543,48.77,48.71,0.0001,0
29.09.2016 02:42:42.752,48.765,48.705,0.0001,0
29.09.2016 02:42:44.554,48.775,48.715,0.0001,0
29.09.2016 02:42:46.778,48.765,48.705,0.0001,0
29.09.2016 02:43:08.290,48.77,48.71,0.0001,0
29.09.2016 02:43:38.189,48.775,48.715,0.0001,0
29.09.2016 02:43:53.193,48.77,48.71,0.0001,0
29.09.2016 02:44:09.274,48.78,48.72,0.0001,0
29.09.2016 02:44:10.575,48.775,48.715,0.0001,0
29.09.2016 02:44:20.993,48.77,48.71,0.0001,0
29.09.2016 02:44:23.201,48.765,48.705,0.0001,0
29.09.2016 02:44:30.008,48.77,48.71,0.0001,0
29.09.2016 02:44:32.312,48.775,48.715,0.0001,0
29.09.2016 02:44:33.113,48.76,48.7,0.0001,0
29.09.2016 02:44:36.017,48.77,48.71,0.0001,0
29.09.2016 02:44:47.466,48.765,48.705,0.0001,0
29.09.2016 02:44:48.456,48.765,48.695,0.0001,0
29.09.2016 02:44:55.505,48.745000000000005,48.685,0.0001,0
29.09.2016 02:45:11.102,48.735,48.675000000000004,0.0001,0
29.09.2016 02:45:23.316,48.730000000000004,48.67,0.0001,0
29.09.2016 02:45:36.931,48.735,48.675000000000004,0.0001,0
29.09.2016 02:45:43.138,48.745000000000005,48.685,0.0001,0
29.09.2016 02:45:57.655,48.730000000000004,48.67,0.0001,0
29.09.2016 02:46:09.675,48.725,48.665,0.0001,0
29.09.2016 02:46:24.746,48.715,48.655,0.0001,0
29.09.2016 02:46:51.236,48.71,48.65,0.0001,0
29.09.2016 02:46:56.143,48.715,48.655,0.0001,0
29.09.2016 02:47:17.976,48.705,48.645,0.0001,0
29.09.2016 02:47:30.972,48.7,48.64,0.0001,0
29.09.2016 02:47:52.747,48.695,48.635,0.0001,0
29.09.2016 02:47:59.051,48.685,48.625,0.0001,0
29.09.2016 02:48:03.058,48.695,48.635,0.0001,0
29.09.2016 02:48:16.873,48.705,48.635,0.0001,0
29.09.2016 02:48:20.278,48.7,48.64,0.0001,0
29.09.2016 02:48:31.391,48.705,48.645,0.0001,0
29.09.2016 02:48:33.295,48.71,48.65,0.0001,0
29.09.2016 02:48:39.604,48.72,48.660000000000004,0.0001,0
29.09.2016 02:48:42.942,48.725,48.665,0.0001,0
29.09.2016 02:48:56.529,48.730000000000004,48.67,0.0001,0
29.09.2016 02:48:58.932,48.74,48.68,0.0001,0
29.09.2016 02:49:01.436,48.735,48.675000000000004,0.0001,0
29.09.2016 02:49:10.247,48.745000000000005,48.685,0.0001,0
29.09.2016 02:49:12.450,48.74,48.68,0.0001,0
29.09.2016 02:49:29.980,48.730000000000004,48.67,0.0001,0
29.09.2016 02:49:54.038,48.725,48.665,0.0001,0
29.09.2016 02:49:54.624,48.730000000000004,48.67,0.0001,0
29.09.2016 02:49:55.526,48.735,48.675000000000004,0.0001,0
29.09.2016 02:50:10.673,48.74,48.68,0.0001,0
29.09.2016 02:50:28.670,48.730000000000004,48.67,0.0001,0
29.09.2016 02:50:43.688,48.735,48.675000000000004,0.0001,0
29.09.2016 02:50:49.798,48.74,48.68,0.0001,0
29.09.2016 02:50:54.706,48.745000000000005,48.685,0.0001,0
29.09.2016 02:51:41.081,48.74,48.68,0.0001,0
29.09.2016 02:51:44.964,48.745000000000005,48.685,0.0001,0
29.09.2016 02:52:06.451,48.74,48.68,0.0001,0
29.09.2016 02:52:22.050,48.735,48.675000000000004,0.0001,0
29.09.2016 02:52:30.380,48.74,48.68,0.0001,0
29.09.2016 02:52:34.647,48.730000000000004,48.67,0.0001,0
29.09.2016 02:52:45.164,48.725,48.665,0.0001,0
29.09.2016 02:52:47.368,48.715,48.655,0.0001,0
29.09.2016 02:52:53.876,48.725,48.665,0.0001,0
29.09.2016 02:52:54.773,48.730000000000004,48.67,0.0001,0
29.09.2016 02:53:00.583,48.725,48.665,0.0001,0
29.09.2016 02:53:01.007,48.730000000000004,48.67,0.0001,0
29.09.2016 02:53:11.497,48.725,48.665,0.0001,0
29.09.2016 02:53:14.800,48.730000000000004,48.67,0.0001,0
29.09.2016 02:53:16.101,48.725,48.665,0.0001,0
29.09.2016 02:53:24.958,48.735,48.675000000000004,0.0001,0
29.09.2016 02:54:04.259,48.74,48.68,0.0001,0
29.09.2016 02:54:36.312,48.730000000000004,48.67,0.0001,0
29.09.2016 02:54:41.827,48.735,48.675000000000004,0.0001,0
29.09.2016 02:54:47.937,48.74,48.68,0.0001,0
29.09.2016 02:54:54.145,48.725,48.665,0.0001,0
29.09.2016 02:54:54.446,48.71,48.65,0.0001,0
29.09.2016 02:55:13.843,48.72,48.660000000000004,0.0001,0
29.09.2016 02:55:27.409,48.725,48.665,0.0001,0
29.09.2016 02:55:38.423,48.72,48.660000000000004,0.0001,0
29.09.2016 02:56:40.604,48.725,48.665,0.0001,0
29.09.2016 02:56:56.424,48.730000000000004,48.67,0.0001,0
29.09.2016 02:57:08.852,48.725,48.665,0.0001,0
29.09.2016 02:57:14.759,48.735,48.675000000000004,0.0001,0
29.09.2016 02:57:33.686,48.730000000000004,48.67,0.0001,0
29.09.2016 02:57:54.525,48.725,48.665,0.0001,0
29.09.2016 02:58:01.031,48.730000000000004,48.67,0.0001,0
29.09.2016 02:58:15.749,48.72,48.660000000000004,0.0001,0
29.09.2016 02:59:13.018,48.74,48.68,0.0001,0
29.09.2016 02:59:17.522,48.745000000000005,48.685,0.0001,0
29.09.2016 02:59:17.923,48.74,48.68,0.0001,0
29.09.2016 02:59:23.766,48.745000000000005,48.685,0.0001,0
29.09.2016 02:59:24.378,48.75,48.69,0.0001,0
29.09.2016 02:59:53.178,48.76,48.7,0.0001,0
29.09.2016 02:59:53.602,48.755,48.695,0.0001,0
29.09.2016 03:00:34.532,48.77,48.71,0.0001,0
29.09.2016 03:00:35.333,48.775,48.715,0.0001,0
29.09.2016 03:00:44.153,48.785000000000004,48.725,0.0001,0
29.09.2016 03:00:49.252,48.775,48.715,0.0001,0
29.09.2016 03:00:49.552,48.795,48.735,0.0001,0
29.09.2016 03:00:49.653,48.795,48.725,0.0001,0
29.09.2016 03:00:50.098,48.785000000000004,48.725,0.0001,0
29.09.2016 03:01:04.782,48.795,48.735,0.0001,0
29.09.2016 03:01:05.287,48.79,48.730000000000004,0.0001,0
29.09.2016 03:01:36.829,48.78,48.72,0.0001,0
29.09.2016 03:01:40.663,48.775,48.715,0.0001,0
29.09.2016 03:02:06.258,48.765,48.705,0.0001,0
29.09.2016 03:02:43.494,48.755,48.685,0.0001,0
29.09.2016 03:03:01.828,48.755,48.695,0.0001,0
29.09.2016 03:03:10.580,48.79,48.730000000000004,0.0001,0
29.09.2016 03:03:11.030,48.78,48.72,0.0001,0
29.09.2016 03:03:14.935,48.77,48.71,0.0001,0
29.09.2016 03:03:15.537,48.775,48.715,0.0001,0
29.09.2016 03:03:39.777,48.78,48.72,0.0001,0
29.09.2016 03:03:42.981,48.775,48.715,0.0001,0
29.09.2016 03:03:47.093,48.77,48.71,0.0001,0
29.09.2016 03:04:21.837,48.775,48.715,0.0001,0
29.09.2016 03:04:43.462,48.77,48.71,0.0001,0
29.09.2016 03:05:15.632,48.775,48.715,0.0001,0
29.09.2016 03:05:16.831,48.78,48.72,0.0001,0
29.09.2016 03:05:17.300,48.795,48.735,0.0001,0
29.09.2016 03:05:18.001,48.785000000000004,48.725,0.0001,0
29.09.2016 03:05:18.903,48.79,48.730000000000004,0.0001,0
29.09.2016 03:05:23.809,48.78,48.72,0.0001,0
29.09.2016 03:05:33.437,48.785000000000004,48.725,0.0001,0
29.09.2016 03:05:39.652,48.775,48.715,0.0001,0
29.09.2016 03:05:50.365,48.765,48.705,0.0001,0
29.09.2016 03:05:55.871,48.76,48.7,0.0001,0
29.09.2016 03:06:25.226,48.75,48.69,0.0001,0
29.09.2016 03:06:28.429,48.755,48.695,0.0001,0
29.09.2016 03:06:30.231,48.75,48.69,0.0001,0
29.09.2016 03:06:56.968,48.755,48.695,0.0001,0
29.09.2016 03:07:04.508,48.765,48.705,0.0001,0
29.09.2016 03:07:05.870,48.775,48.715,0.0001,0
29.09.2016 03:07:08.488,48.77,48.71,0.0001,0
29.09.2016 03:07:33.420,48.775,48.715,0.0001,0
29.09.2016 03:07:48.235,48.77,48.71,0.0001,0
29.09.2016 03:08:04.550,48.775,48.715,0.0001,0
29.09.2016 03:08:17.667,48.77,48.71,0.0001,0
29.09.2016 03:08:24.476,48.765,48.685,0.0001,0
29.09.2016 03:08:24.977,48.735,48.675000000000004,0.0001,0
29.09.2016 03:08:41.834,48.735,48.655,0.0001,0
29.09.2016 03:08:41.903,48.715,48.655,0.0001,0
29.09.2016 03:08:47.724,48.72,48.660000000000004,0.0001,0
29.09.2016 03:08:51.317,48.715,48.655,0.0001,0
29.09.2016 03:08:52.819,48.72,48.660000000000004,0.0001,0
29.09.2016 03:09:00.831,48.725,48.665,0.0001,0
29.09.2016 03:09:11.486,48.72,48.660000000000004,0.0001,0
29.09.2016 03:09:13.545,48.725,48.665,0.0001,0
29.09.2016 03:09:14.765,48.730000000000004,48.67,0.0001,0
29.09.2016 03:09:25.757,48.725,48.665,0.0001,0
29.09.2016 03:09:26.194,48.72,48.660000000000004,0.0001,0
29.09.2016 03:09:27.564,48.725,48.665,0.0001,0
29.09.2016 03:09:29.062,48.730000000000004,48.67,0.0001,0
29.09.2016 03:09:30.912,48.72,48.660000000000004,0.0001,0
29.09.2016 03:09:31.521,48.725,48.665,0.0001,0
29.09.2016 03:09:35.869,48.715,48.655,0.0001,0
29.09.2016 03:09:41.077,48.725,48.665,0.0001,0
29.09.2016 03:09:42.675,48.72,48.660000000000004,0.0001,0
29.09.2016 03:09:56.329,48.725,48.665,0.0001,0
29.09.2016 03:09:57.593,48.7,48.64,0.0001,0
29.09.2016 03:10:13.418,48.715,48.655,0.0001,0
29.09.2016 03:10:33.894,48.72,48.660000000000004,0.0001,0
29.09.2016 03:10:36.050,48.735,48.665,0.0001,0
29.09.2016 03:10:39.656,48.730000000000004,48.67,0.0001,0
29.09.2016 03:11:16.499,48.725,48.665,0.0001,0
29.09.2016 03:11:20.463,48.730000000000004,48.67,0.0001,0
29.09.2016 03:11:21.559,48.725,48.665,0.0001,0
29.09.2016 03:11:32.117,48.730000000000004,48.67,0.0001,0
29.09.2016 03:11:44.286,48.725,48.665,0.0001,0
29.09.2016 03:12:01.603,48.730000000000004,48.67,0.0001,0
29.09.2016 03:12:11.415,48.735,48.675000000000004,0.0001,0
29.09.2016 03:12:30.034,48.730000000000004,48.67,0.0001,0
29.09.2016 03:12:42.183,48.725,48.665,0.0001,0
29.09.2016 03:12:46.919,48.730000000000004,48.67,0.0001,0
29.09.2016 03:12:47.355,48.725,48.665,0.0001,0
29.09.2016 03:13:05.878,48.71,48.65,0.0001,0
29.09.2016 03:13:12.187,48.695,48.635,0.0001,0
29.09.2016 03:13:12.626,48.7,48.64,0.0001,0
29.09.2016 03:13:13.713,48.695,48.635,0.0001,0
29.09.2016 03:13:15.492,48.7,48.64,0.0001,0
29.09.2016 03:13:28.926,48.695,48.635,0.0001,0
29.09.2016 03:13:31.330,48.69,48.63,0.0001,0
29.09.2016 03:13:32.031,48.7,48.64,0.0001,0
29.09.2016 03:13:39.338,48.695,48.635,0.0001,0
29.09.2016 03:13:52.753,48.69,48.63,0.0001,0
29.09.2016 03:13:56.658,48.695,48.635,0.0001,0
29.09.2016 03:13:59.261,48.69,48.63,0.0001,0
29.09.2016 03:14:01.163,48.695,48.635,0.0001,0
29.09.2016 03:14:09.173,48.7,48.64,0.0001,0
29.09.2016 03:14:09.875,48.695,48.635,0.0001,0
29.09.2016 03:14:23.390,48.7,48.64,0.0001,0
29.09.2016 03:14:23.859,48.695,48.635,0.0001,0
29.09.2016 03:14:30.097,48.7,48.64,0.0001,0
29.09.2016 03:15:14.613,48.69,48.63,0.0001,0
29.09.2016 03:15:20.352,48.665,48.605000000000004,0.0001,0
29.09.2016 03:15:21.154,48.65,48.59,0.0001,0
29.09.2016 03:15:21.754,48.64,48.58,0.0001,0
29.09.2016 03:15:23.156,48.65,48.59,0.0001,0
29.09.2016 03:15:31.965,48.655,48.595,0.0001,0
29.09.2016 03:15:49.790,48.65,48.59,0.0001,0
29.09.2016 03:15:53.394,48.645,48.585,0.0001,0
29.09.2016 03:15:56.598,48.635,48.575,0.0001,0
29.09.2016 03:16:04.409,48.625,48.565,0.0001,0
29.09.2016 03:16:19.432,48.620000000000005,48.56,0.0001,0
29.09.2016 03:16:24.746,48.625,48.565,0.0001,0
29.09.2016 03:16:25.146,48.63,48.57,0.0001,0
29.09.2016 03:16:33.256,48.645,48.585,0.0001,0
29.09.2016 03:16:38.461,48.65,48.59,0.0001,0
29.09.2016 03:16:49.172,48.660000000000004,48.6,0.0001,0
29.09.2016 03:17:03.487,48.645,48.585,0.0001,0
29.09.2016 03:17:04.188,48.64,48.58,0.0001,0
29.09.2016 03:17:14.999,48.645,48.585,0.0001,0
29.09.2016 03:17:20.805,48.65,48.59,0.0001,0
29.09.2016 03:17:31.615,48.645,48.585,0.0001,0
29.09.2016 03:17:40.123,48.64,48.58,0.0001,0
29.09.2016 03:18:00.667,48.65,48.59,0.0001,0
29.09.2016 03:18:01.110,48.645,48.585,0.0001,0
29.09.2016 03:18:03.248,48.65,48.59,0.0001,0
29.09.2016 03:18:15.161,48.645,48.585,0.0001,0
29.09.2016 03:18:19.506,48.65,48.59,0.0001,0
29.09.2016 03:18:35.491,48.645,48.585,0.0001,0
29.09.2016 03:18:51.047,48.64,48.58,0.0001,0
29.09.2016 03:19:25.738,48.645,48.585,0.0001,0
29.09.2016 03:19:33.659,48.65,48.59,0.0001,0
29.09.2016 03:19:36.863,48.645,48.585,0.0001,0
29.09.2016 03:19:54.380,48.65,48.59,0.0001,0
29.09.2016 03:19:54.916,48.645,48.585,0.0001,0
29.09.2016 03:19:55.232,48.65,48.59,0.0001,0
29.09.2016 03:20:47.947,48.64,48.58,0.0001,0
29.09.2016 03:20:59.806,48.645,48.585,0.0001,0
29.09.2016 03:21:07.473,48.64,48.58,0.0001,0
29.09.2016 03:21:36.324,48.635,48.575,0.0001,0
29.09.2016 03:21:38.816,48.64,48.58,0.0001,0
29.09.2016 03:21:40.518,48.635,48.575,0.0001,0
29.09.2016 03:21:53.231,48.63,48.57,0.0001,0
29.09.2016 03:22:37.982,48.635,48.575,0.0001,0
29.09.2016 03:22:38.885,48.64,48.58,0.0001,0
29.09.2016 03:22:51.023,48.645,48.585,0.0001,0
29.09.2016 03:23:14.279,48.655,48.595,0.0001,0
29.09.2016 03:24:12.003,48.665,48.605000000000004,0.0001,0
29.09.2016 03:24:17.439,48.655,48.595,0.0001,0
29.09.2016 03:25:50.518,48.660000000000004,48.6,0.0001,0
29.09.2016 03:27:16.706,48.655,48.595,0.0001,0
29.09.2016 03:27:28.627,48.645,48.585,0.0001,0
29.09.2016 03:27:39.439,48.65,48.59,0.0001,0
29.09.2016 03:28:53.733,48.655,48.595,0.0001,0
29.09.2016 03:28:55.363,48.665,48.605000000000004,0.0001,0
29.09.2016 03:28:55.935,48.655,48.595,0.0001,0
29.09.2016 03:29:01.857,48.660000000000004,48.6,0.0001,0
29.09.2016 03:29:12.559,48.655,48.595,0.0001,0
29.09.2016 03:29:13.005,48.65,48.59,0.0001,0
29.09.2016 03:29:13.460,48.655,48.595,0.0001,0
29.09.2016 03:29:37.686,48.665,48.605000000000004,0.0001,0
29.09.2016 03:29:38.243,48.675000000000004,48.615,0.0001,0
29.09.2016 03:29:40.990,48.67,48.61,0.0001,0
29.09.2016 03:29:48.900,48.665,48.605000000000004,0.0001,0
29.09.2016 03:29:49.268,48.660000000000004,48.6,0.0001,0
29.09.2016 03:29:49.598,48.65,48.59,0.0001,0
29.09.2016 03:30:00.817,48.655,48.595,0.0001,0
29.09.2016 03:30:03.723,48.665,48.605000000000004,0.0001,0
29.09.2016 03:30:05.126,48.665,48.595,0.0001,0
29.09.2016 03:30:06.128,48.665,48.605000000000004,0.0001,0
29.09.2016 03:30:18.868,48.675000000000004,48.615,0.0001,0
29.09.2016 03:30:25.587,48.665,48.605000000000004,0.0001,0
29.09.2016 03:30:51.611,48.675000000000004,48.615,0.0001,0
29.09.2016 03:31:25.647,48.665,48.605000000000004,0.0001,0
29.09.2016 03:31:32.755,48.675000000000004,48.615,0.0001,0
29.09.2016 03:32:14.810,48.685,48.615,0.0001,0
29.09.2016 03:32:19.415,48.685,48.625,0.0001,0
29.09.2016 03:33:08.373,48.68,48.620000000000005,0.0001,0
29.09.2016 03:33:26.562,48.705,48.645,0.0001,0
29.09.2016 03:33:28.993,48.695,48.635,0.0001,0
29.09.2016 03:33:30.396,48.7,48.64,0.0001,0
29.09.2016 03:33:30.769,48.685,48.625,0.0001,0
29.09.2016 03:33:46.713,48.69,48.63,0.0001,0
29.09.2016 03:33:48.215,48.685,48.625,0.0001,0
29.09.2016 03:33:51.619,48.68,48.620000000000005,0.0001,0
29.09.2016 03:33:52.320,48.685,48.625,0.0001,0
29.09.2016 03:34:18.045,48.695,48.635,0.0001,0
29.09.2016 03:35:59.346,48.7,48.64,0.0001,0
29.09.2016 03:37:04.312,48.705,48.645,0.0001,0
29.09.2016 03:37:14.032,48.71,48.65,0.0001,0
29.09.2016 03:38:03.303,48.705,48.645,0.0001,0
29.09.2016 03:38:14.211,48.7,48.64,0.0001,0
29.09.2016 03:38:23.576,48.71,48.65,0.0001,0
29.09.2016 03:38:34.138,48.715,48.655,0.0001,0
29.09.2016 03:38:34.738,48.72,48.660000000000004,0.0001,0
29.09.2016 03:39:07.875,48.715,48.655,0.0001,0
29.09.2016 03:39:20.029,48.72,48.660000000000004,0.0001,0
29.09.2016 03:39:33.047,48.715,48.655,0.0001,0
29.09.2016 03:39:43.865,48.71,48.65,0.0001,0
29.09.2016 03:39:56.277,48.7,48.64,0.0001,0
29.09.2016 03:39:58.079,48.695,48.635,0.0001,0
29.09.2016 03:40:06.986,48.7,48.64,0.0001,0
29.09.2016 03:41:29.871,48.695,48.635,0.0001,0
29.09.2016 03:41:38.012,48.7,48.64,0.0001,0
29.09.2016 03:43:50.460,48.695,48.635,0.0001,0
29.09.2016 03:44:03.402,48.685,48.625,0.0001,0
29.09.2016 03:44:07.165,48.695,48.635,0.0001,0
29.09.2016 03:44:07.528,48.685,48.625,0.0001,0
29.09.2016 03:44:07.667,48.675000000000004,48.605000000000004,0.0001,0
29.09.2016 03:44:07.770,48.675000000000004,48.615,0.0001,0
29.09.2016 03:44:08.347,48.660000000000004,48.6,0.0001,0
29.09.2016 03:44:13.795,48.655,48.595,0.0001,0
29.09.2016 03:44:14.323,48.64,48.58,0.0001,0
29.09.2016 03:44:15.033,48.63,48.57,0.0001,0
29.09.2016 03:44:15.348,48.635,48.575,0.0001,0
29.09.2016 03:44:15.974,48.64,48.58,0.0001,0
29.09.2016 03:44:19.102,48.635,48.575,0.0001,0
29.09.2016 03:44:20.322,48.64,48.58,0.0001,0
29.09.2016 03:44:20.806,48.635,48.575,0.0001,0
29.09.2016 03:44:21.154,48.64,48.58,0.0001,0
29.09.2016 03:44:21.705,48.635,48.575,0.0001,0
29.09.2016 03:44:22.706,48.64,48.58,0.0001,0
29.09.2016 03:44:23.207,48.635,48.575,0.0001,0
29.09.2016 03:44:23.571,48.64,48.58,0.0001,0
29.09.2016 03:44:25.516,48.635,48.575,0.0001,0
29.09.2016 03:44:25.954,48.64,48.58,0.0001,0
29.09.2016 03:44:29.121,48.635,48.575,0.0001,0
29.09.2016 03:44:29.673,48.64,48.58,0.0001,0
29.09.2016 03:44:50.944,48.635,48.575,0.0001,0
29.09.2016 03:44:54.047,48.64,48.58,0.0001,0
29.09.2016 03:44:58.058,48.655,48.595,0.0001,0
29.09.2016 03:45:13.885,48.645,48.585,0.0001,0
29.09.2016 03:45:19.011,48.655,48.595,0.0001,0
29.09.2016 03:45:21.741,48.645,48.585,0.0001,0
29.09.2016 03:45:54.633,48.65,48.59,0.0001,0
29.09.2016 03:46:44.498,48.655,48.595,0.0001,0
29.09.2016 03:46:46.203,48.645,48.585,0.0001,0
29.09.2016 03:46:56.351,48.655,48.595,0.0001,0
29.09.2016 03:48:15.943,48.645,48.585,0.0001,0
29.09.2016 03:48:34.762,48.635,48.575,0.0001,0
29.09.2016 03:48:36.563,48.625,48.565,0.0001,0
29.09.2016 03:48:44.603,48.620000000000005,48.56,0.0001,0
29.09.2016 03:48:46.974,48.615,48.555,0.0001,0
29.09.2016 03:48:47.575,48.620000000000005,48.56,0.0001,0
29.09.2016 03:48:56.387,48.625,48.565,0.0001,0
29.09.2016 03:48:56.787,48.620000000000005,48.56,0.0001,0
29.09.2016 03:49:07.401,48.615,48.555,0.0001,0
29.09.2016 03:49:23.818,48.61,48.550000000000004,0.0001,0
29.09.2016 03:49:33.332,48.615,48.555,0.0001,0
29.09.2016 03:49:46.656,48.620000000000005,48.56,0.0001,0
29.09.2016 03:49:59.576,48.615,48.555,0.0001,0
29.09.2016 03:50:29.812,48.625,48.565,0.0001,0
29.09.2016 03:50:30.307,48.620000000000005,48.56,0.0001,0
29.09.2016 03:50:33.016,48.625,48.565,0.0001,0
29.09.2016 03:51:15.674,48.63,48.57,0.0001,0
29.09.2016 03:51:51.942,48.635,48.575,0.0001,0
29.09.2016 03:52:23.881,48.64,48.58,0.0001,0
29.09.2016 03:54:07.517,48.63,48.57,0.0001,0
29.09.2016 03:54:13.196,48.635,48.575,0.0001,0
29.09.2016 03:54:15.936,48.63,48.57,0.0001,0
29.09.2016 03:54:45.332,48.635,48.575,0.0001,0
29.09.2016 03:54:57.952,48.64,48.58,0.0001,0
29.09.2016 03:56:05.154,48.65,48.59,0.0001,0
29.09.2016 03:56:15.267,48.660000000000004,48.6,0.0001,0
29.09.2016 03:56:17.270,48.65,48.59,0.0001,0
29.09.2016 03:56:17.971,48.655,48.595,0.0001,0
29.09.2016 03:56:18.472,48.660000000000004,48.6,0.0001,0
29.09.2016 03:56:18.974,48.655,48.595,0.0001,0
29.09.2016 03:56:23.979,48.660000000000004,48.6,0.0001,0
29.09.2016 03:56:24.479,48.65,48.59,0.0001,0
29.09.2016 03:56:26.289,48.660000000000004,48.6,0.0001,0
29.09.2016 03:56:26.684,48.65,48.59,0.0001,0
29.09.2016 03:56:27.485,48.655,48.595,0.0001,0
29.09.2016 03:56:27.890,48.65,48.59,0.0001,0
29.09.2016 03:56:32.593,48.655,48.595,0.0001,0
29.09.2016 03:56:48.630,48.65,48.59,0.0001,0
29.09.2016 03:57:43.504,48.64,48.58,0.0001,0
29.09.2016 03:57:50.517,48.635,48.575,0.0001,0
29.09.2016 03:58:04.031,48.63,48.57,0.0001,0
29.09.2016 03:58:04.386,48.635,48.575,0.0001,0
29.09.2016 03:58:31.279,48.63,48.57,0.0001,0
29.09.2016 03:58:33.682,48.64,48.58,0.0001,0
29.09.2016 03:58:39.412,48.65,48.59,0.0001,0
29.09.2016 03:58:39.913,48.64,48.58,0.0001,0
29.09.2016 03:58:56.008,48.635,48.575,0.0001,0
29.09.2016 03:59:08.223,48.63,48.57,0.0001,0
29.09.2016 03:59:23.356,48.635,48.575,0.0001,0
29.09.2016 03:59:56.302,48.63,48.57,0.0001,0
29.09.2016 03:59:58.201,48.64,48.58,0.0001,0
29.09.2016 04:00:00.203,48.635,48.575,0.0001,0
29.09.2016 04:00:02.125,48.64,48.58,0.0001,0
29.09.2016 04:00:03.209,48.635,48.575,0.0001,0
29.09.2016 04:00:27.765,48.63,48.57,0.0001,0
29.09.2016 04:00:29.545,48.625,48.565,0.0001,0
29.09.2016 04:00:47.020,48.620000000000005,48.56,0.0001,0
29.09.2016 04:00:50.179,48.625,48.565,0.0001,0
29.09.2016 04:00:53.081,48.63,48.57,0.0001,0
29.09.2016 04:00:59.187,48.635,48.575,0.0001,0
29.09.2016 04:01:10.508,48.63,48.57,0.0001,0
29.09.2016 04:01:29.136,48.625,48.565,0.0001,0
29.09.2016 04:01:30.137,48.620000000000005,48.56,0.0001,0
29.09.2016 04:01:44.758,48.625,48.565,0.0001,0
29.09.2016 04:02:01.798,48.63,48.57,0.0001,0
29.09.2016 04:02:49.760,48.620000000000005,48.56,0.0001,0
29.09.2016 04:02:52.567,48.625,48.565,0.0001,0
29.09.2016 04:02:56.572,48.620000000000005,48.56,0.0001,0
29.09.2016 04:02:57.272,48.625,48.565,0.0001,0
29.09.2016 04:03:11.625,48.63,48.57,0.0001,0
29.09.2016 04:04:40.554,48.625,48.565,0.0001,0
29.09.2016 04:04:45.645,48.63,48.57,0.0001,0
29.09.2016 04:05:28.212,48.635,48.575,0.0001,0
29.09.2016 04:05:36.657,48.64,48.58,0.0001,0
29.09.2016 04:07:09.988,48.645,48.585,0.0001,0
29.09.2016 04:07:10.958,48.65,48.59,0.0001,0
29.09.2016 04:07:11.365,48.645,48.585,0.0001,0
29.09.2016 04:07:11.744,48.65,48.59,0.0001,0
29.09.2016 04:07:12.207,48.645,48.585,0.0001,0
29.09.2016 04:07:12.859,48.65,48.59,0.0001,0
29.09.2016 04:07:16.163,48.645,48.585,0.0001,0
29.09.2016 04:07:25.772,48.655,48.595,0.0001,0
29.09.2016 04:07:41.687,48.645,48.585,0.0001,0
29.09.2016 04:07:46.492,48.655,48.595,0.0001,0
29.09.2016 04:08:10.152,48.660000000000004,48.6,0.0001,0
29.09.2016 04:08:31.543,48.665,48.605000000000004,0.0001,0
29.09.2016 04:08:41.452,48.660000000000004,48.6,0.0001,0
29.09.2016 04:08:55.564,48.67,48.61,0.0001,0
29.09.2016 04:09:05.598,48.660000000000004,48.6,0.0001,0
29.09.2016 04:09:09.779,48.665,48.605000000000004,0.0001,0
29.09.2016 04:09:24.195,48.67,48.61,0.0001,0
29.09.2016 04:09:24.743,48.675000000000004,48.615,0.0001,0
29.09.2016 04:09:46.425,48.67,48.61,0.0001,0
29.09.2016 04:09:55.131,48.675000000000004,48.615,0.0001,0
29.09.2016 04:10:16.256,48.68,48.620000000000005,0.0001,0
29.09.2016 04:10:21.561,48.685,48.625,0.0001,0
29.09.2016 04:10:24.163,48.68,48.620000000000005,0.0001,0
29.09.2016 04:10:38.275,48.685,48.625,0.0001,0
29.09.2016 04:10:39.276,48.68,48.620000000000005,0.0001,0
29.09.2016 04:10:42.911,48.685,48.625,0.0001,0
29.09.2016 04:10:43.256,48.69,48.63,0.0001,0
29.09.2016 04:10:47.084,48.685,48.625,0.0001,0
29.09.2016 04:11:02.298,48.69,48.63,0.0001,0
29.09.2016 04:12:02.934,48.685,48.625,0.0001,0
29.09.2016 04:12:17.480,48.68,48.620000000000005,0.0001,0
29.09.2016 04:12:35.297,48.685,48.625,0.0001,0
29.09.2016 04:12:53.124,48.69,48.63,0.0001,0
29.09.2016 04:13:41.922,48.685,48.625,0.0001,0
29.09.2016 04:13:42.272,48.69,48.63,0.0001,0
29.09.2016 04:13:56.922,48.685,48.625,0.0001,0
29.09.2016 04:13:59.706,48.68,48.620000000000005,0.0001,0
29.09.2016 04:14:04.110,48.685,48.625,0.0001,0
29.09.2016 04:14:30.556,48.69,48.63,0.0001,0
29.09.2016 04:14:31.095,48.685,48.625,0.0001,0
29.09.2016 04:14:33.039,48.69,48.63,0.0001,0
29.09.2016 04:14:37.947,48.685,48.625,0.0001,0
29.09.2016 04:14:51.705,48.68,48.620000000000005,0.0001,0
29.09.2016 04:15:10.479,48.685,48.625,0.0001,0
29.09.2016 04:15:18.295,48.69,48.63,0.0001,0
29.09.2016 04:15:39.912,48.685,48.625,0.0001,0
29.09.2016 04:15:40.497,48.69,48.63,0.0001,0
29.09.2016 04:16:36.090,48.685,48.625,0.0001,0
29.09.2016 04:16:37.191,48.69,48.63,0.0001,0
29.09.2016 04:16:44.998,48.68,48.620000000000005,0.0001,0
29.09.2016 04:16:45.299,48.685,48.625,0.0001,0
29.09.2016 04:16:49.903,48.69,48.63,0.0001,0
29.09.2016 04:16:54.013,48.685,48.625,0.0001,0
29.09.2016 04:16:55.709,48.69,48.63,0.0001,0
29.09.2016 04:16:56.210,48.68,48.620000000000005,0.0001,0
29.09.2016 04:17:08.724,48.685,48.625,0.0001,0
29.09.2016 04:17:20.071,48.69,48.63,0.0001,0
29.09.2016 04:17:25.743,48.68,48.620000000000005,0.0001,0
29.09.2016 04:17:33.851,48.685,48.625,0.0001,0
29.09.2016 04:17:35.224,48.68,48.620000000000005,0.0001,0
29.09.2016 04:17:43.263,48.675000000000004,48.615,0.0001,0
29.09.2016 04:18:19.109,48.68,48.620000000000005,0.0001,0
29.09.2016 04:18:30.223,48.67,48.61,0.0001,0
29.09.2016 04:18:36.572,48.68,48.620000000000005,0.0001,0
29.09.2016 04:18:41.438,48.675000000000004,48.615,0.0001,0
29.09.2016 04:18:58.357,48.68,48.620000000000005,0.0001,0
29.09.2016 04:19:10.082,48.685,48.625,0.0001,0
29.09.2016 04:19:10.600,48.685,48.615,0.0001,0
29.09.2016 04:19:14.386,48.675000000000004,48.615,0.0001,0
29.09.2016 04:20:20.667,48.67,48.61,0.0001,0
29.09.2016 04:20:33.780,48.675000000000004,48.615,0.0001,0
29.09.2016 04:20:41.588,48.685,48.625,0.0001,0
29.09.2016 04:20:41.931,48.68,48.620000000000005,0.0001,0
29.09.2016 04:20:42.490,48.685,48.625,0.0001,0
29.09.2016 04:20:43.491,48.68,48.620000000000005,0.0001,0
29.09.2016 04:22:47.545,48.675000000000004,48.615,0.0001,0
29.09.2016 04:23:14.177,48.67,48.61,0.0001,0
29.09.2016 04:23:38.999,48.675000000000004,48.615,0.0001,0
29.09.2016 04:23:58.418,48.67,48.61,0.0001,0
29.09.2016 04:27:10.652,48.660000000000004,48.6,0.0001,0
29.09.2016 04:28:17.664,48.665,48.605000000000004,0.0001,0
29.09.2016 04:28:33.147,48.67,48.61,0.0001,0
29.09.2016 04:30:03.677,48.665,48.605000000000004,0.0001,0
29.09.2016 04:30:14.766,48.67,48.61,0.0001,0
29.09.2016 04:32:14.411,48.655,48.595,0.0001,0
29.09.2016 04:32:38.435,48.660000000000004,48.6,0.0001,0
29.09.2016 04:32:50.144,48.655,48.595,0.0001,0
29.09.2016 04:33:49.744,48.660000000000004,48.6,0.0001,0
29.09.2016 04:34:08.219,48.655,48.595,0.0001,0
29.09.2016 04:36:05.880,48.655,48.585,0.0001,0
29.09.2016 04:36:06.345,48.645,48.585,0.0001,0
29.09.2016 04:36:12.286,48.65,48.59,0.0001,0
29.09.2016 04:36:23.797,48.655,48.595,0.0001,0
29.09.2016 04:38:50.368,48.660000000000004,48.6,0.0001,0
29.09.2016 04:39:55.872,48.67,48.61,0.0001,0
29.09.2016 04:40:40.582,48.685,48.625,0.0001,0
29.09.2016 04:40:54.297,48.68,48.620000000000005,0.0001,0
29.09.2016 04:41:11.812,48.685,48.625,0.0001,0
29.09.2016 04:41:23.106,48.69,48.63,0.0001,0
29.09.2016 04:42:01.659,48.685,48.625,0.0001,0
29.09.2016 04:42:02.061,48.69,48.63,0.0001,0
29.09.2016 04:42:16.128,48.685,48.625,0.0001,0
29.09.2016 04:43:37.143,48.68,48.620000000000005,0.0001,0
29.09.2016 04:43:43.056,48.685,48.625,0.0001,0
29.09.2016 04:44:30.012,48.69,48.63,0.0001,0
29.09.2016 04:46:28.640,48.695,48.635,0.0001,0
29.09.2016 04:46:44.839,48.7,48.64,0.0001,0
29.09.2016 04:48:24.062,48.705,48.645,0.0001,0
29.09.2016 04:48:28.767,48.71,48.65,0.0001,0
29.09.2016 04:48:32.071,48.705,48.645,0.0001,0
29.09.2016 04:48:40.596,48.7,48.64,0.0001,0
29.09.2016 04:48:41.479,48.705,48.645,0.0001,0
29.09.2016 04:49:12.217,48.7,48.64,0.0001,0
29.09.2016 04:49:16.212,48.705,48.635,0.0001,0
29.09.2016 04:49:18.014,48.7,48.64,0.0001,0
29.09.2016 04:49:18.541,48.705,48.645,0.0001,0
29.09.2016 04:49:36.631,48.71,48.65,0.0001,0
29.09.2016 04:50:05.867,48.705,48.645,0.0001,0
29.09.2016 04:50:19.481,48.7,48.64,0.0001,0
29.09.2016 04:50:53.621,48.705,48.645,0.0001,0
29.09.2016 04:50:57.239,48.71,48.65,0.0001,0
29.09.2016 04:50:58.626,48.705,48.645,0.0001,0
29.09.2016 04:51:01.288,48.7,48.64,0.0001,0
29.09.2016 04:51:27.853,48.705,48.645,0.0001,0
29.09.2016 04:51:58.696,48.71,48.65,0.0001,0
29.09.2016 04:52:21.029,48.705,48.645,0.0001,0
29.09.2016 04:52:41.870,48.7,48.64,0.0001,0
29.09.2016 04:53:40.259,48.705,48.645,0.0001,0
29.09.2016 04:53:43.535,48.7,48.64,0.0001,0
29.09.2016 04:53:45.337,48.705,48.645,0.0001,0
29.09.2016 04:53:45.845,48.7,48.64,0.0001,0
29.09.2016 04:54:24.381,48.705,48.645,0.0001,0
29.09.2016 04:55:16.249,48.71,48.65,0.0001,0
29.09.2016 04:55:49.782,48.705,48.645,0.0001,0
29.09.2016 04:56:02.714,48.7,48.64,0.0001,0
29.09.2016 04:57:02.351,48.695,48.635,0.0001,0
29.09.2016 04:57:02.782,48.7,48.64,0.0001,0
29.09.2016 04:57:50.902,48.695,48.635,0.0001,0
29.09.2016 04:58:06.332,48.685,48.625,0.0001,0
29.09.2016 04:58:21.892,48.69,48.63,0.0001,0
29.09.2016 04:58:31.168,48.685,48.625,0.0001,0
29.09.2016 04:58:39.063,48.68,48.620000000000005,0.0001,0
29.09.2016 04:58:56.079,48.685,48.625,0.0001,0
29.09.2016 04:59:10.652,48.69,48.63,0.0001,0
29.09.2016 04:59:33.731,48.685,48.625,0.0001,0
29.09.2016 04:59:40.738,48.68,48.620000000000005,0.0001,0
29.09.2016 05:00:25.786,48.685,48.625,0.0001,0
29.09.2016 05:00:34.117,48.69,48.63,0.0001,0
29.09.2016 05:00:45.407,48.68,48.620000000000005,0.0001,0
29.09.2016 05:00:50.611,48.685,48.625,0.0001,0
29.09.2016 05:01:01.621,48.69,48.63,0.0001,0
29.09.2016 05:01:26.348,48.675000000000004,48.615,0.0001,0
29.09.2016 05:01:36.758,48.68,48.620000000000005,0.0001,0
29.09.2016 05:02:00.663,48.685,48.625,0.0001,0
29.09.2016 05:02:01.199,48.68,48.620000000000005,0.0001,0
29.09.2016 05:02:29.026,48.675000000000004,48.615,0.0001,0
29.09.2016 05:02:36.132,48.665,48.605000000000004,0.0001,0
29.09.2016 05:03:00.461,48.67,48.61,0.0001,0
29.09.2016 05:03:14.584,48.660000000000004,48.6,0.0001,0
29.09.2016 05:03:19.480,48.65,48.59,0.0001,0
29.09.2016 05:03:22.383,48.655,48.595,0.0001,0
29.09.2016 05:03:30.994,48.665,48.605000000000004,0.0001,0
29.09.2016 05:04:28.546,48.67,48.61,0.0001,0
29.09.2016 05:04:40.356,48.685,48.615,0.0001,0
29.09.2016 05:05:00.476,48.685,48.625,0.0001,0
29.09.2016 05:05:16.194,48.69,48.63,0.0001,0
29.09.2016 05:05:17.896,48.685,48.615,0.0001,0
29.09.2016 05:05:37.026,48.685,48.625,0.0001,0
29.09.2016 05:05:51.538,48.68,48.620000000000005,0.0001,0
29.09.2016 05:07:00.422,48.685,48.625,0.0001,0
29.09.2016 05:07:16.936,48.68,48.620000000000005,0.0001,0
29.09.2016 05:07:40.165,48.685,48.625,0.0001,0
29.09.2016 05:07:47.954,48.68,48.620000000000005,0.0001,0
29.09.2016 05:09:00.936,48.685,48.625,0.0001,0
29.09.2016 05:09:51.747,48.695,48.615,0.0001,0
29.09.2016 05:09:59.800,48.705,48.605000000000004,0.0001,0
29.09.2016 05:10:20.282,48.685,48.625,0.0001,0
29.09.2016 05:13:53.157,48.68,48.620000000000005,0.0001,0
29.09.2016 05:15:02.825,48.685,48.625,0.0001,0
29.09.2016 05:15:20.127,48.68,48.620000000000005,0.0001,0
29.09.2016 05:15:32.655,48.685,48.625,0.0001,0
29.09.2016 05:15:58.867,48.68,48.620000000000005,0.0001,0
29.09.2016 05:16:31.633,48.69,48.63,0.0001,0
29.09.2016 05:17:17.044,48.695,48.635,0.0001,0
29.09.2016 05:17:30.555,48.69,48.63,0.0001,0
29.09.2016 05:17:47.571,48.695,48.635,0.0001,0
29.09.2016 05:18:06.407,48.69,48.63,0.0001,0
29.09.2016 05:18:06.952,48.695,48.635,0.0001,0
29.09.2016 05:18:08.019,48.69,48.63,0.0001,0
29.09.2016 05:18:09.811,48.695,48.635,0.0001,0
29.09.2016 05:19:03.958,48.69,48.63,0.0001,0
29.09.2016 05:19:17.371,48.685,48.625,0.0001,0
29.09.2016 05:19:20.173,48.69,48.63,0.0001,0
29.09.2016 05:19:22.660,48.63,48.57,0.0001,0
29.09.2016 05:19:22.977,48.615,48.555,0.0001,0
29.09.2016 05:19:23.612,48.605000000000004,48.545,0.0001,0
29.09.2016 05:19:25.880,48.61,48.550000000000004,0.0001,0
29.09.2016 05:19:26.881,48.6,48.54,0.0001,0
29.09.2016 05:19:30.596,48.59,48.53,0.0001,0
29.09.2016 05:19:31.587,48.6,48.54,0.0001,0
29.09.2016 05:19:42.797,48.61,48.550000000000004,0.0001,0
29.09.2016 05:19:46.800,48.605000000000004,48.545,0.0001,0
29.09.2016 05:19:47.601,48.61,48.550000000000004,0.0001,0
29.09.2016 05:19:49.703,48.6,48.54,0.0001,0
29.09.2016 05:20:01.315,48.595,48.535000000000004,0.0001,0
29.09.2016 05:20:35.662,48.585,48.525,0.0001,0
29.09.2016 05:20:50.575,48.59,48.53,0.0001,0
29.09.2016 05:21:36.325,48.56,48.5,0.0001,0
29.09.2016 05:21:36.939,48.550000000000004,48.49,0.0001,0
29.09.2016 05:21:39.932,48.555,48.495000000000005,0.0001,0
29.09.2016 05:21:41.842,48.56,48.5,0.0001,0
29.09.2016 05:21:46.338,48.555,48.495000000000005,0.0001,0
29.09.2016 05:21:50.142,48.565,48.505,0.0001,0
29.09.2016 05:22:00.612,48.57,48.51,0.0001,0
29.09.2016 05:22:06.650,48.565,48.505,0.0001,0
29.09.2016 05:22:07.262,48.56,48.5,0.0001,0
29.09.2016 05:22:21.012,48.565,48.505,0.0001,0
29.09.2016 05:22:23.180,48.56,48.5,0.0001,0
29.09.2016 05:22:51.304,48.57,48.51,0.0001,0
29.09.2016 05:22:51.763,48.565,48.505,0.0001,0
29.09.2016 05:23:06.131,48.56,48.5,0.0001,0
29.09.2016 05:23:23.776,48.555,48.495000000000005,0.0001,0
29.09.2016 05:23:48.019,48.550000000000004,48.49,0.0001,0
29.09.2016 05:24:00.430,48.54,48.480000000000004,0.0001,0
29.09.2016 05:24:00.631,48.535000000000004,48.465,0.0001,0
29.09.2016 05:24:02.833,48.53,48.47,0.0001,0
29.09.2016 05:24:03.304,48.52,48.46,0.0001,0
29.09.2016 05:24:04.346,48.515,48.455,0.0001,0
29.09.2016 05:24:05.136,48.505,48.435,0.0001,0
29.09.2016 05:24:05.337,48.505,48.445,0.0001,0
29.09.2016 05:24:05.537,48.505,48.435,0.0001,0
29.09.2016 05:24:05.664,48.495000000000005,48.435,0.0001,0
29.09.2016 05:24:07.318,48.5,48.44,0.0001,0
29.09.2016 05:24:07.636,48.495000000000005,48.435,0.0001,0
29.09.2016 05:24:20.272,48.505,48.445,0.0001,0
29.09.2016 05:24:26.157,48.5,48.44,0.0001,0
29.09.2016 05:24:30.261,48.495000000000005,48.435,0.0001,0
29.09.2016 05:24:31.662,48.5,48.44,0.0001,0
29.09.2016 05:24:46.722,48.505,48.445,0.0001,0
29.09.2016 05:24:56.191,48.51,48.45,0.0001,0
29.09.2016 05:25:02.467,48.505,48.445,0.0001,0
29.09.2016 05:25:02.831,48.5,48.44,0.0001,0
29.09.2016 05:25:03.161,48.505,48.445,0.0001,0
29.09.2016 05:25:13.754,48.5,48.44,0.0001,0
29.09.2016 05:25:23.523,48.515,48.455,0.0001,0
29.09.2016 05:25:26.467,48.52,48.46,0.0001,0
29.09.2016 05:25:40.182,48.515,48.455,0.0001,0
29.09.2016 05:25:42.784,48.505,48.445,0.0001,0
29.09.2016 05:25:43.248,48.5,48.44,0.0001,0
29.09.2016 05:26:01.124,48.49,48.43,0.0001,0
29.09.2016 05:26:02.025,48.480000000000004,48.42,0.0001,0
29.09.2016 05:26:06.961,48.47,48.410000000000004,0.0001,0
29.09.2016 05:26:07.832,48.475,48.415,0.0001,0
29.09.2016 05:26:19.850,48.480000000000004,48.42,0.0001,0
29.09.2016 05:26:20.181,48.475,48.415,0.0001,0
29.09.2016 05:26:22.577,48.485,48.425000000000004,0.0001,0
29.09.2016 05:26:29.360,48.480000000000004,48.42,0.0001,0
29.09.2016 05:26:29.953,48.47,48.410000000000004,0.0001,0
29.09.2016 05:26:31.662,48.465,48.405,0.0001,0
29.09.2016 05:27:18.709,48.475,48.415,0.0001,0
29.09.2016 05:27:30.951,48.47,48.410000000000004,0.0001,0
29.09.2016 05:27:34.624,48.475,48.405,0.0001,0
29.09.2016 05:28:15.662,48.465,48.405,0.0001,0
29.09.2016 05:28:16.263,48.455,48.395,0.0001,0
29.09.2016 05:28:22.368,48.465,48.405,0.0001,0
29.09.2016 05:28:22.969,48.475,48.415,0.0001,0
29.09.2016 05:28:26.834,48.480000000000004,48.42,0.0001,0
29.09.2016 05:28:29.176,48.475,48.415,0.0001,0
29.09.2016 05:28:31.378,48.475,48.405,0.0001,0
29.09.2016 05:28:38.284,48.465,48.405,0.0001,0
29.09.2016 05:28:56.847,48.455,48.395,0.0001,0
29.09.2016 05:28:57.302,48.46,48.4,0.0001,0
29.09.2016 05:29:18.822,48.465,48.405,0.0001,0
29.09.2016 05:29:25.675,48.47,48.410000000000004,0.0001,0
29.09.2016 05:29:47.346,48.475,48.415,0.0001,0
29.09.2016 05:30:02.180,48.47,48.410000000000004,0.0001,0
29.09.2016 05:30:13.191,48.480000000000004,48.42,0.0001,0
29.09.2016 05:30:24.227,48.475,48.415,0.0001,0
29.09.2016 05:30:24.753,48.47,48.410000000000004,0.0001,0
29.09.2016 05:30:42.819,48.475,48.415,0.0001,0
29.09.2016 05:30:43.441,48.485,48.425000000000004,0.0001,0
29.09.2016 05:30:43.921,48.49,48.43,0.0001,0
29.09.2016 05:30:55.332,48.495000000000005,48.435,0.0001,0
29.09.2016 05:31:12.251,48.5,48.44,0.0001,0
29.09.2016 05:31:15.053,48.505,48.445,0.0001,0
29.09.2016 05:31:21.508,48.515,48.455,0.0001,0
29.09.2016 05:31:21.972,48.525,48.465,0.0001,0
29.09.2016 05:31:23.862,48.535000000000004,48.475,0.0001,0
29.09.2016 05:31:24.410,48.53,48.47,0.0001,0
29.09.2016 05:31:26.346,48.535000000000004,48.475,0.0001,0
29.09.2016 05:31:37.875,48.53,48.47,0.0001,0
29.09.2016 05:32:23.624,48.535000000000004,48.475,0.0001,0
29.09.2016 05:32:36.236,48.54,48.480000000000004,0.0001,0
29.09.2016 05:32:39.939,48.535000000000004,48.475,0.0001,0
29.09.2016 05:32:45.043,48.555,48.495000000000005,0.0001,0
29.09.2016 05:32:45.588,48.56,48.5,0.0001,0
29.09.2016 05:32:47.346,48.550000000000004,48.49,0.0001,0
29.09.2016 05:32:47.952,48.545,48.485,0.0001,0
29.09.2016 05:32:48.748,48.555,48.495000000000005,0.0001,0
29.09.2016 05:32:49.276,48.550000000000004,48.49,0.0001,0
29.09.2016 05:32:49.749,48.555,48.495000000000005,0.0001,0
29.09.2016 05:32:50.250,48.550000000000004,48.49,0.0001,0
29.09.2016 05:32:50.976,48.555,48.495000000000005,0.0001,0
29.09.2016 05:32:55.354,48.550000000000004,48.49,0.0001,0
29.09.2016 05:32:57.656,48.555,48.495000000000005,0.0001,0
29.09.2016 05:33:05.901,48.550000000000004,48.49,0.0001,0
29.09.2016 05:33:21.282,48.555,48.495000000000005,0.0001,0
29.09.2016 05:33:38.921,48.550000000000004,48.49,0.0001,0
29.09.2016 05:34:40.155,48.545,48.485,0.0001,0
29.09.2016 05:34:53.366,48.54,48.480000000000004,0.0001,0
29.09.2016 05:35:08.883,48.545,48.485,0.0001,0
29.09.2016 05:35:18.100,48.550000000000004,48.49,0.0001,0
29.09.2016 05:35:40.043,48.545,48.485,0.0001,0
29.09.2016 05:36:24.645,48.54,48.480000000000004,0.0001,0
29.09.2016 05:36:52.785,48.535000000000004,48.475,0.0001,0
29.09.2016 05:37:03.995,48.525,48.465,0.0001,0
29.09.2016 05:37:18.808,48.53,48.47,0.0001,0
29.09.2016 05:37:33.221,48.52,48.46,0.0001,0
29.09.2016 05:37:42.129,48.515,48.455,0.0001,0
29.09.2016 05:38:05.962,48.52,48.46,0.0001,0
29.09.2016 05:38:27.278,48.53,48.47,0.0001,0
29.09.2016 05:38:41.590,48.545,48.47,0.0001,0
29.09.2016 05:39:36.240,48.545,48.475,0.0001,0
29.09.2016 05:39:59.666,48.545,48.480000000000004,0.0001,0
29.09.2016 05:40:09.805,48.555,48.480000000000004,0.0001,0
29.09.2016 05:40:13.100,48.555,48.49,0.0001,0
29.09.2016 05:40:25.717,48.565,48.49,0.0001,0
29.09.2016 05:40:40.420,48.575,48.495000000000005,0.0001,0
29.09.2016 05:40:51.777,48.575,48.5,0.0001,0
29.09.2016 05:40:52.837,48.585,48.52,0.0001,0
29.09.2016 05:40:58.738,48.585,48.515,0.0001,0
29.09.2016 05:41:04.743,48.595,48.525,0.0001,0
29.09.2016 05:41:05.651,48.605000000000004,48.53,0.0001,0
29.09.2016 05:41:07.046,48.595,48.53,0.0001,0
29.09.2016 05:41:20.794,48.605000000000004,48.53,0.0001,0
29.09.2016 05:41:26.965,48.605000000000004,48.525,0.0001,0
29.09.2016 05:41:32.869,48.585,48.525,0.0001,0
29.09.2016 05:41:33.215,48.575,48.515,0.0001,0
29.09.2016 05:41:45.486,48.57,48.51,0.0001,0
29.09.2016 05:41:55.890,48.56,48.5,0.0001,0
29.09.2016 05:42:00.411,48.565,48.505,0.0001,0
29.09.2016 05:42:11.119,48.56,48.5,0.0001,0
29.09.2016 05:42:35.440,48.550000000000004,48.49,0.0001,0
29.09.2016 05:42:50.151,48.545,48.485,0.0001,0
29.09.2016 05:42:50.602,48.550000000000004,48.49,0.0001,0
29.09.2016 05:43:01.362,48.555,48.495000000000005,0.0001,0
29.09.2016 05:43:11.570,48.550000000000004,48.49,0.0001,0
29.09.2016 05:43:23.810,48.555,48.495000000000005,0.0001,0
29.09.2016 05:43:25.383,48.56,48.5,0.0001,0
29.09.2016 05:43:27.887,48.565,48.505,0.0001,0
29.09.2016 05:43:29.989,48.56,48.5,0.0001,0
29.09.2016 05:43:35.694,48.555,48.495000000000005,0.0001,0
29.09.2016 05:44:17.129,48.565,48.505,0.0001,0
29.09.2016 05:44:25.238,48.56,48.5,0.0001,0
29.09.2016 05:44:39.851,48.565,48.505,0.0001,0
29.09.2016 05:44:47.560,48.57,48.51,0.0001,0
29.09.2016 05:44:57.091,48.58,48.52,0.0001,0
29.09.2016 05:45:04.097,48.575,48.515,0.0001,0
29.09.2016 05:45:11.713,48.585,48.525,0.0001,0
29.09.2016 05:45:15.704,48.58,48.52,0.0001,0
29.09.2016 05:45:17.894,48.575,48.515,0.0001,0
29.09.2016 05:45:30.306,48.565,48.505,0.0001,0
29.09.2016 05:45:38.715,48.56,48.5,0.0001,0
29.09.2016 05:45:39.516,48.565,48.505,0.0001,0
29.09.2016 05:45:42.118,48.58,48.52,0.0001,0
29.09.2016 05:45:46.723,48.575,48.505,0.0001,0
29.09.2016 05:46:04.046,48.56,48.5,0.0001,0
29.09.2016 05:46:12.153,48.565,48.505,0.0001,0
29.09.2016 05:46:15.057,48.57,48.51,0.0001,0
29.09.2016 05:46:27.266,48.58,48.52,0.0001,0
29.09.2016 05:46:37.275,48.575,48.515,0.0001,0
29.09.2016 05:46:58.497,48.575,48.505,0.0001,0
29.09.2016 05:46:58.998,48.565,48.505,0.0001,0
29.09.2016 05:47:03.002,48.555,48.495000000000005,0.0001,0
29.09.2016 05:47:08.307,48.52,48.46,0.0001,0
29.09.2016 05:47:12.555,48.53,48.47,0.0001,0
29.09.2016 05:47:28.610,48.545,48.455,0.0001,0
29.09.2016 05:47:34.429,48.53,48.47,0.0001,0
29.09.2016 05:47:38.032,48.525,48.465,0.0001,0
29.09.2016 05:47:48.040,48.53,48.47,0.0001,0
29.09.2016 05:48:18.778,48.525,48.465,0.0001,0
29.09.2016 05:48:27.205,48.515,48.455,0.0001,0
29.09.2016 05:48:37.194,48.525,48.465,0.0001,0
29.09.2016 05:49:26.433,48.53,48.47,0.0001,0
29.09.2016 05:49:35.340,48.525,48.465,0.0001,0
29.09.2016 05:50:02.064,48.535000000000004,48.475,0.0001,0
29.09.2016 05:50:11.972,48.535000000000004,48.465,0.0001,0
29.09.2016 05:50:13.273,48.525,48.465,0.0001,0
29.09.2016 05:50:21.279,48.53,48.47,0.0001,0
29.09.2016 05:50:32.530,48.525,48.465,0.0001,0
29.09.2016 05:50:36.891,48.52,48.46,0.0001,0
29.09.2016 05:50:40.495,48.515,48.455,0.0001,0
29.09.2016 05:50:42.043,48.51,48.45,0.0001,0
29.09.2016 05:50:50.212,48.515,48.455,0.0001,0
29.09.2016 05:50:58.419,48.52,48.46,0.0001,0
29.09.2016 05:51:35.996,48.53,48.47,0.0001,0
29.09.2016 05:52:08.582,48.525,48.465,0.0001,0
29.09.2016 05:52:17.137,48.52,48.46,0.0001,0
29.09.2016 05:52:48.218,48.525,48.465,0.0001,0
29.09.2016 05:53:14.038,48.53,48.47,0.0001,0
29.09.2016 05:53:14.438,48.535000000000004,48.475,0.0001,0
29.09.2016 05:54:23.894,48.53,48.47,0.0001,0
29.09.2016 05:55:59.400,48.535000000000004,48.475,0.0001,0
29.09.2016 05:56:14.893,48.53,48.47,0.0001,0
29.09.2016 05:56:24.600,48.525,48.465,0.0001,0
29.09.2016 05:56:35.712,48.51,48.45,0.0001,0
29.09.2016 05:56:54.524,48.505,48.445,0.0001,0
29.09.2016 05:57:08.735,48.5,48.44,0.0001,0
29.09.2016 05:57:09.095,48.495000000000005,48.435,0.0001,0
29.09.2016 05:57:38.863,48.5,48.44,0.0001,0
29.09.2016 05:57:45.268,48.505,48.445,0.0001,0
29.09.2016 05:57:56.478,48.51,48.45,0.0001,0
29.09.2016 05:58:27.312,48.515,48.455,0.0001,0
29.09.2016 05:58:47.641,48.52,48.46,0.0001,0
29.09.2016 05:58:47.972,48.53,48.47,0.0001,0
29.09.2016 05:58:57.342,48.51,48.45,0.0001,0
29.09.2016 05:59:15.159,48.515,48.455,0.0001,0
29.09.2016 05:59:47.185,48.525,48.465,0.0001,0
29.09.2016 05:59:47.757,48.53,48.47,0.0001,0
29.09.2016 05:59:58.213,48.525,48.465,0.0001,0
29.09.2016 05:59:58.915,48.53,48.47,0.0001,0
29.09.2016 06:00:03.429,48.525,48.465,0.0001,0
29.09.2016 06:00:06.301,48.53,48.47,0.0001,0
29.09.2016 06:00:06.837,48.535000000000004,48.475,0.0001,0
29.09.2016 06:00:22.751,48.54,48.480000000000004,0.0001,0
29.09.2016 06:00:47.381,48.545,48.485,0.0001,0
29.09.2016 06:01:01.595,48.56,48.5,0.0001,0
29.09.2016 06:01:13.107,48.57,48.51,0.0001,0
29.09.2016 06:01:14.709,48.56,48.5,0.0001,0
29.09.2016 06:01:15.310,48.57,48.51,0.0001,0
29.09.2016 06:01:15.715,48.58,48.52,0.0001,0
29.09.2016 06:01:28.101,48.585,48.525,0.0001,0
29.09.2016 06:01:37.837,48.59,48.53,0.0001,0
29.09.2016 06:01:53.886,48.585,48.525,0.0001,0
29.09.2016 06:02:15.155,48.6,48.54,0.0001,0
29.09.2016 06:03:03.217,48.605000000000004,48.545,0.0001,0
29.09.2016 06:03:11.300,48.625,48.525,0.0001,0
29.09.2016 06:03:11.590,48.605000000000004,48.545,0.0001,0
29.09.2016 06:03:34.045,48.620000000000005,48.56,0.0001,0
29.09.2016 06:04:04.739,48.615,48.555,0.0001,0
29.09.2016 06:04:07.842,48.620000000000005,48.56,0.0001,0
29.09.2016 06:04:15.669,48.615,48.555,0.0001,0
29.09.2016 06:04:21.865,48.620000000000005,48.56,0.0001,0
29.09.2016 06:04:34.875,48.63,48.57,0.0001,0
29.09.2016 06:05:35.105,48.620000000000005,48.56,0.0001,0
29.09.2016 06:06:11.492,48.635,48.575,0.0001,0
29.09.2016 06:06:35.112,48.625,48.565,0.0001,0
29.09.2016 06:06:42.618,48.635,48.575,0.0001,0
29.09.2016 06:07:08.345,48.620000000000005,48.56,0.0001,0
29.09.2016 06:07:13.395,48.635,48.575,0.0001,0
29.09.2016 06:07:13.850,48.620000000000005,48.56,0.0001,0
29.09.2016 06:07:28.663,48.625,48.565,0.0001,0
29.09.2016 06:07:30.671,48.620000000000005,48.56,0.0001,0
29.09.2016 06:07:38.572,48.625,48.565,0.0001,0
29.09.2016 06:07:53.086,48.635,48.575,0.0001,0
29.09.2016 06:08:34.936,48.620000000000005,48.56,0.0001,0
29.09.2016 06:08:37.939,48.625,48.565,0.0001,0
29.09.2016 06:08:46.546,48.63,48.57,0.0001,0
29.09.2016 06:09:01.271,48.620000000000005,48.56,0.0001,0
29.09.2016 06:09:14.984,48.64,48.58,0.0001,0
29.09.2016 06:09:22.690,48.635,48.575,0.0001,0
29.09.2016 06:09:28.799,48.63,48.57,0.0001,0
29.09.2016 06:09:47.615,48.625,48.565,0.0001,0
29.09.2016 06:10:03.633,48.620000000000005,48.56,0.0001,0
29.09.2016 06:10:04.533,48.625,48.565,0.0001,0
29.09.2016 06:10:15.678,48.620000000000005,48.56,0.0001,0
29.09.2016 06:10:18.395,48.625,48.565,0.0001,0
29.09.2016 06:10:20.377,48.63,48.57,0.0001,0
29.09.2016 06:10:35.561,48.625,48.565,0.0001,0
29.09.2016 06:10:49.073,48.635,48.575,0.0001,0
29.09.2016 06:10:50.875,48.63,48.57,0.0001,0
29.09.2016 06:11:26.244,48.625,48.565,0.0001,0
29.09.2016 06:11:44.026,48.63,48.57,0.0001,0
29.09.2016 06:11:50.536,48.625,48.565,0.0001,0
29.09.2016 06:12:21.865,48.620000000000005,48.56,0.0001,0
29.09.2016 06:12:45.588,48.635,48.56,0.0001,0
29.09.2016 06:13:15.715,48.635,48.565,0.0001,0
29.09.2016 06:13:27.637,48.645,48.57,0.0001,0
29.09.2016 06:13:27.938,48.645,48.575,0.0001,0
29.09.2016 06:13:28.238,48.655,48.57,0.0001,0
29.09.2016 06:13:34.143,48.655,48.58,0.0001,0
29.09.2016 06:13:59.673,48.655,48.585,0.0001,0
29.09.2016 06:14:00.174,48.655,48.58,0.0001,0
29.09.2016 06:14:24.194,48.655,48.585,0.0001,0
29.09.2016 06:16:10.506,48.64,48.58,0.0001,0
29.09.2016 06:16:41.336,48.645,48.585,0.0001,0
29.09.2016 06:16:53.188,48.65,48.59,0.0001,0
29.09.2016 06:17:17.875,48.645,48.585,0.0001,0
29.09.2016 06:17:33.389,48.65,48.59,0.0001,0
29.09.2016 06:17:54.201,48.645,48.585,0.0001,0
29.09.2016 06:18:09.414,48.65,48.59,0.0001,0
29.09.2016 06:19:00.729,48.655,48.595,0.0001,0
29.09.2016 06:19:12.387,48.65,48.59,0.0001,0
29.09.2016 06:19:38.008,48.665,48.605000000000004,0.0001,0
29.09.2016 06:19:38.427,48.67,48.61,0.0001,0
29.09.2016 06:19:38.848,48.665,48.605000000000004,0.0001,0
29.09.2016 06:19:45.215,48.660000000000004,48.6,0.0001,0
29.09.2016 06:22:22.464,48.655,48.595,0.0001,0
29.09.2016 06:22:48.386,48.660000000000004,48.6,0.0001,0
29.09.2016 06:23:35.755,48.665,48.605000000000004,0.0001,0
29.09.2016 06:24:28.605,48.685,48.61,0.0001,0
29.09.2016 06:24:36.844,48.695,48.615,0.0001,0
29.09.2016 06:24:39.118,48.695,48.620000000000005,0.0001,0
29.09.2016 06:24:46.827,48.705,48.625,0.0001,0
29.09.2016 06:24:56.937,48.695,48.620000000000005,0.0001,0
29.09.2016 06:25:45.317,48.705,48.620000000000005,0.0001,0
29.09.2016 06:25:47.583,48.705,48.63,0.0001,0
29.09.2016 06:25:47.939,48.705,48.635,0.0001,0
29.09.2016 06:25:52.787,48.685,48.625,0.0001,0
29.09.2016 06:25:54.926,48.69,48.63,0.0001,0
29.09.2016 06:26:02.605,48.68,48.620000000000005,0.0001,0
29.09.2016 06:26:03.173,48.685,48.625,0.0001,0
29.09.2016 06:26:04.407,48.69,48.63,0.0001,0
29.09.2016 06:26:06.108,48.685,48.625,0.0001,0
29.09.2016 06:26:07.610,48.69,48.63,0.0001,0
29.09.2016 06:26:16.019,48.705,48.635,0.0001,0
29.09.2016 06:26:16.134,48.705,48.645,0.0001,0
29.09.2016 06:26:24.026,48.7,48.64,0.0001,0
29.09.2016 06:26:24.531,48.705,48.645,0.0001,0
29.09.2016 06:26:26.228,48.71,48.65,0.0001,0
29.09.2016 06:26:39.740,48.715,48.655,0.0001,0
29.09.2016 06:27:33.596,48.72,48.660000000000004,0.0001,0
29.09.2016 06:27:34.103,48.725,48.665,0.0001,0
29.09.2016 06:27:39.601,48.72,48.660000000000004,0.0001,0
29.09.2016 06:27:40.202,48.725,48.665,0.0001,0
29.09.2016 06:27:40.642,48.72,48.660000000000004,0.0001,0
29.09.2016 06:27:44.306,48.730000000000004,48.67,0.0001,0
29.09.2016 06:28:03.331,48.725,48.665,0.0001,0
29.09.2016 06:28:54.379,48.730000000000004,48.67,0.0001,0
29.09.2016 06:28:54.917,48.735,48.675000000000004,0.0001,0
29.09.2016 06:29:10.994,48.735,48.665,0.0001,0
29.09.2016 06:29:11.395,48.735,48.675000000000004,0.0001,0
29.09.2016 06:29:19.603,48.74,48.68,0.0001,0
29.09.2016 06:29:52.647,48.735,48.675000000000004,0.0001,0
29.09.2016 06:30:00.740,48.735,48.665,0.0001,0
29.09.2016 06:30:02.045,48.735,48.675000000000004,0.0001,0
29.09.2016 06:30:12.110,48.74,48.68,0.0001,0
29.09.2016 06:30:25.898,48.735,48.675000000000004,0.0001,0
29.09.2016 06:30:39.414,48.730000000000004,48.67,0.0001,0
29.09.2016 06:32:10.129,48.74,48.68,0.0001,0
29.09.2016 06:32:10.630,48.725,48.665,0.0001,0
29.09.2016 06:32:16.135,48.730000000000004,48.67,0.0001,0
29.09.2016 06:33:01.311,48.735,48.675000000000004,0.0001,0
29.09.2016 06:33:11.214,48.74,48.68,0.0001,0
29.09.2016 06:34:07.877,48.745000000000005,48.685,0.0001,0
29.09.2016 06:34:08.360,48.74,48.68,0.0001,0
29.09.2016 06:34:13.483,48.745000000000005,48.685,0.0001,0
29.09.2016 06:34:15.084,48.74,48.68,0.0001,0
29.09.2016 06:34:34.404,48.745000000000005,48.685,0.0001,0
29.09.2016 06:35:45.375,48.755,48.685,0.0001,0
29.09.2016 06:35:50.122,48.745000000000005,48.685,0.0001,0
29.09.2016 06:36:03.995,48.75,48.69,0.0001,0
29.09.2016 06:36:07.798,48.745000000000005,48.685,0.0001,0
29.09.2016 06:37:11.788,48.735,48.675000000000004,0.0001,0
29.09.2016 06:37:27.621,48.725,48.665,0.0001,0
29.09.2016 06:37:34.820,48.745000000000005,48.685,0.0001,0
29.09.2016 06:37:47.577,48.74,48.68,0.0001,0
29.09.2016 06:37:53.537,48.735,48.675000000000004,0.0001,0
29.09.2016 06:37:53.867,48.730000000000004,48.67,0.0001,0
29.09.2016 06:38:05.498,48.725,48.655,0.0001,0
29.09.2016 06:38:15.862,48.72,48.660000000000004,0.0001,0
29.09.2016 06:38:22.182,48.725,48.665,0.0001,0
29.09.2016 06:38:40.246,48.730000000000004,48.67,0.0001,0
29.09.2016 06:39:02.723,48.74,48.68,0.0001,0
29.09.2016 06:39:03.224,48.745000000000005,48.685,0.0001,0
29.09.2016 06:39:17.739,48.735,48.675000000000004,0.0001,0
29.09.2016 06:39:23.067,48.725,48.665,0.0001,0
29.09.2016 06:39:23.961,48.735,48.675000000000004,0.0001,0
29.09.2016 06:39:40.264,48.74,48.68,0.0001,0
29.09.2016 06:40:01.587,48.735,48.675000000000004,0.0001,0
29.09.2016 06:40:30.622,48.745000000000005,48.675000000000004,0.0001,0
29.09.2016 06:41:01.863,48.735,48.675000000000004,0.0001,0
29.09.2016 06:41:15.875,48.74,48.68,0.0001,0
29.09.2016 06:41:18.378,48.755,48.695,0.0001,0
29.09.2016 06:42:58.576,48.75,48.69,0.0001,0
29.09.2016 06:43:22.907,48.755,48.695,0.0001,0
29.09.2016 06:43:23.508,48.75,48.69,0.0001,0
29.09.2016 06:43:29.340,48.755,48.695,0.0001,0
29.09.2016 06:44:06.664,48.745000000000005,48.685,0.0001,0
29.09.2016 06:44:08.159,48.735,48.675000000000004,0.0001,0
29.09.2016 06:44:08.658,48.730000000000004,48.67,0.0001,0
29.09.2016 06:44:09.100,48.735,48.675000000000004,0.0001,0
29.09.2016 06:44:13.066,48.730000000000004,48.67,0.0001,0
29.09.2016 06:44:19.795,48.735,48.675000000000004,0.0001,0
29.09.2016 06:44:29.813,48.74,48.68,0.0001,0
29.09.2016 06:44:36.060,48.745000000000005,48.685,0.0001,0
29.09.2016 06:44:37.029,48.74,48.68,0.0001,0
29.09.2016 06:44:37.359,48.75,48.69,0.0001,0
29.09.2016 06:44:38.122,48.755,48.695,0.0001,0
29.09.2016 06:44:38.672,48.75,48.69,0.0001,0
29.09.2016 06:44:56.541,48.76,48.7,0.0001,0
29.09.2016 06:45:41.800,48.77,48.71,0.0001,0
29.09.2016 06:45:58.318,48.775,48.715,0.0001,0
29.09.2016 06:45:59.227,48.77,48.71,0.0001,0
29.09.2016 06:46:34.465,48.775,48.715,0.0001,0
29.09.2016 06:46:39.971,48.785000000000004,48.725,0.0001,0
29.09.2016 06:46:46.778,48.77,48.71,0.0001,0
29.09.2016 06:46:51.331,48.775,48.715,0.0001,0
29.09.2016 06:47:00.491,48.77,48.71,0.0001,0
29.09.2016 06:47:11.709,48.775,48.715,0.0001,0
29.09.2016 06:47:15.613,48.77,48.71,0.0001,0
29.09.2016 06:47:21.532,48.765,48.705,0.0001,0
29.09.2016 06:47:22.625,48.77,48.71,0.0001,0
29.09.2016 06:47:37.538,48.765,48.705,0.0001,0
29.09.2016 06:47:47.948,48.76,48.7,0.0001,0
29.09.2016 06:48:01.864,48.755,48.695,0.0001,0
29.09.2016 06:48:14.476,48.76,48.7,0.0001,0
29.09.2016 06:48:26.788,48.745000000000005,48.685,0.0001,0
29.09.2016 06:48:29.392,48.77,48.71,0.0001,0
29.09.2016 06:48:36.537,48.755,48.695,0.0001,0
29.09.2016 06:48:37.399,48.76,48.7,0.0001,0
29.09.2016 06:48:44.105,48.77,48.71,0.0001,0
29.09.2016 06:48:45.718,48.765,48.695,0.0001,0
29.09.2016 06:48:47.409,48.755,48.695,0.0001,0
29.09.2016 06:48:50.413,48.765,48.705,0.0001,0
29.09.2016 06:48:54.717,48.77,48.71,0.0001,0
29.09.2016 06:49:06.030,48.765,48.705,0.0001,0
29.09.2016 06:49:15.938,48.76,48.7,0.0001,0
29.09.2016 06:49:23.244,48.765,48.705,0.0001,0
29.09.2016 06:49:35.368,48.76,48.7,0.0001,0
29.09.2016 06:49:35.860,48.75,48.69,0.0001,0
29.09.2016 06:49:38.162,48.74,48.68,0.0001,0
29.09.2016 06:49:49.374,48.745000000000005,48.685,0.0001,0
29.09.2016 06:50:07.999,48.75,48.69,0.0001,0
29.09.2016 06:50:18.853,48.755,48.695,0.0001,0
29.09.2016 06:50:45.241,48.75,48.69,0.0001,0
29.09.2016 06:50:57.253,48.745000000000005,48.685,0.0001,0
29.09.2016 06:51:12.068,48.74,48.68,0.0001,0
29.09.2016 06:51:48.514,48.745000000000005,48.685,0.0001,0
29.09.2016 06:51:49.215,48.74,48.68,0.0001,0
29.09.2016 06:51:50.216,48.745000000000005,48.685,0.0001,0
29.09.2016 06:52:04.039,48.75,48.69,0.0001,0
29.09.2016 06:52:17.143,48.745000000000005,48.685,0.0001,0
29.09.2016 06:52:17.684,48.74,48.68,0.0001,0
29.09.2016 06:52:22.248,48.75,48.69,0.0001,0
29.09.2016 06:52:25.251,48.76,48.7,0.0001,0
29.09.2016 06:52:26.352,48.755,48.695,0.0001,0
29.09.2016 06:52:26.784,48.75,48.69,0.0001,0
29.09.2016 06:53:00.141,48.745000000000005,48.685,0.0001,0
29.09.2016 06:53:04.241,48.74,48.68,0.0001,0
29.09.2016 06:53:06.295,48.755,48.685,0.0001,0
29.09.2016 06:53:10.621,48.745000000000005,48.685,0.0001,0
29.09.2016 06:53:13.902,48.74,48.68,0.0001,0
29.09.2016 06:53:45.464,48.735,48.675000000000004,0.0001,0
29.09.2016 06:53:58.650,48.74,48.68,0.0001,0
29.09.2016 06:54:01.054,48.755,48.685,0.0001,0
29.09.2016 06:54:01.157,48.74,48.68,0.0001,0
29.09.2016 06:54:19.177,48.745000000000005,48.685,0.0001,0
29.09.2016 06:54:19.573,48.735,48.675000000000004,0.0001,0
29.09.2016 06:54:25.887,48.745000000000005,48.685,0.0001,0
29.09.2016 06:54:35.104,48.74,48.68,0.0001,0
29.09.2016 06:54:39.008,48.745000000000005,48.685,0.0001,0
29.09.2016 06:54:53.027,48.755,48.685,0.0001,0
29.09.2016 06:55:00.957,48.745000000000005,48.685,0.0001,0
29.09.2016 06:55:25.283,48.755,48.695,0.0001,0
29.09.2016 06:55:29.887,48.755,48.685,0.0001,0
29.09.2016 06:55:35.793,48.745000000000005,48.685,0.0001,0
29.09.2016 06:55:46.805,48.755,48.685,0.0001,0
29.09.2016 06:56:05.827,48.755,48.695,0.0001,0
29.09.2016 06:56:16.236,48.745000000000005,48.685,0.0001,0
29.09.2016 06:56:21.249,48.755,48.685,0.0001,0
29.09.2016 06:56:30.164,48.75,48.69,0.0001,0
29.09.2016 06:56:30.561,48.755,48.695,0.0001,0
29.09.2016 06:56:34.968,48.75,48.69,0.0001,0
29.09.2016 06:56:36.003,48.755,48.695,0.0001,0
29.09.2016 06:56:41.403,48.75,48.69,0.0001,0
29.09.2016 06:56:46.281,48.745000000000005,48.685,0.0001,0
29.09.2016 06:56:46.881,48.755,48.685,0.0001,0
29.09.2016 06:56:50.486,48.745000000000005,48.685,0.0001,0
29.09.2016 06:56:55.543,48.75,48.69,0.0001,0
29.09.2016 06:57:01.021,48.76,48.7,0.0001,0
29.09.2016 06:57:01.942,48.745000000000005,48.685,0.0001,0
29.09.2016 06:57:11.715,48.74,48.68,0.0001,0
29.09.2016 06:57:21.977,48.745000000000005,48.685,0.0001,0
29.09.2016 06:57:35.312,48.74,48.68,0.0001,0
29.09.2016 06:57:35.645,48.735,48.675000000000004,0.0001,0
29.09.2016 06:57:38.051,48.74,48.68,0.0001,0
29.09.2016 06:57:42.156,48.745000000000005,48.675000000000004,0.0001,0
29.09.2016 06:57:50.066,48.735,48.665,0.0001,0
29.09.2016 06:57:51.067,48.725,48.665,0.0001,0
29.09.2016 06:57:51.509,48.735,48.675000000000004,0.0001,0
29.09.2016 06:57:52.881,48.725,48.655,0.0001,0
29.09.2016 06:57:54.873,48.72,48.660000000000004,0.0001,0
29.09.2016 06:57:59.331,48.725,48.655,0.0001,0
29.09.2016 06:58:00.981,48.715,48.655,0.0001,0
29.09.2016 06:58:02.192,48.725,48.665,0.0001,0
29.09.2016 06:58:03.943,48.725,48.655,0.0001,0
29.09.2016 06:58:06.197,48.715,48.635,0.0001,0
29.09.2016 06:58:19.017,48.72,48.645,0.0001,0
29.09.2016 06:58:24.522,48.72,48.635,0.0001,0
29.09.2016 06:58:24.622,48.72,48.645,0.0001,0
29.09.2016 06:58:27.446,48.72,48.635,0.0001,0
29.09.2016 06:58:27.526,48.72,48.645,0.0001,0
29.09.2016 06:58:31.031,48.715,48.635,0.0001,0
29.09.2016 06:58:32.332,48.715,48.645,0.0001,0
29.09.2016 06:58:35.935,48.715,48.635,0.0001,0
29.09.2016 06:58:36.035,48.705,48.625,0.0001,0
29.09.2016 06:58:36.192,48.715,48.625,0.0001,0
29.09.2016 06:58:36.336,48.705,48.625,0.0001,0
29.09.2016 06:58:36.937,48.715,48.625,0.0001,0
29.09.2016 06:58:49.953,48.72,48.635,0.0001,0
29.09.2016 06:58:50.567,48.715,48.645,0.0001,0
29.09.2016 06:58:51.655,48.715,48.635,0.0001,0
29.09.2016 06:58:51.955,48.72,48.645,0.0001,0
29.09.2016 06:58:52.265,48.715,48.635,0.0001,0
29.09.2016 06:58:53.458,48.715,48.645,0.0001,0
29.09.2016 06:58:56.060,48.71,48.645,0.0001,0
29.09.2016 06:58:56.161,48.715,48.635,0.0001,0
29.09.2016 06:59:00.620,48.71,48.645,0.0001,0
29.09.2016 06:59:04.469,48.715,48.635,0.0001,0
29.09.2016 06:59:04.578,48.715,48.645,0.0001,0
29.09.2016 06:59:04.872,48.725,48.645,0.0001,0
29.09.2016 06:59:12.378,48.730000000000004,48.645,0.0001,0
29.09.2016 06:59:18.386,48.735,48.655,0.0001,0
29.09.2016 06:59:27.895,48.730000000000004,48.665,0.0001,0
29.09.2016 06:59:35.844,48.735,48.655,0.0001,0
29.09.2016 06:59:50.545,48.730000000000004,48.665,0.0001,0
29.09.2016 06:59:56.756,48.730000000000004,48.655,0.0001,0
29.09.2016 07:00:08.521,48.735,48.665,0.0001,0
29.09.2016 07:00:08.848,48.735,48.675000000000004,0.0001,0
29.09.2016 07:00:20.241,48.74,48.68,0.0001,0
29.09.2016 07:00:22.547,48.735,48.665,0.0001,0
29.09.2016 07:00:27.557,48.735,48.675000000000004,0.0001,0
29.09.2016 07:00:34.975,48.74,48.68,0.0001,0
29.09.2016 07:01:04.824,48.745000000000005,48.685,0.0001,0
29.09.2016 07:01:16.040,48.74,48.68,0.0001,0
29.09.2016 07:01:29.462,48.745000000000005,48.685,0.0001,0
29.09.2016 07:01:32.767,48.74,48.68,0.0001,0
29.09.2016 07:01:36.473,48.735,48.675000000000004,0.0001,0
29.09.2016 07:01:40.280,48.745000000000005,48.685,0.0001,0
29.09.2016 07:01:53.403,48.75,48.69,0.0001,0
29.09.2016 07:02:00.816,48.755,48.695,0.0001,0
29.09.2016 07:02:04.067,48.765,48.705,0.0001,0
29.09.2016 07:02:17.097,48.77,48.71,0.0001,0
29.09.2016 07:02:18.087,48.775,48.715,0.0001,0
29.09.2016 07:02:39.791,48.785000000000004,48.725,0.0001,0
29.09.2016 07:02:40.186,48.79,48.730000000000004,0.0001,0
29.09.2016 07:02:40.492,48.775,48.715,0.0001,0
29.09.2016 07:02:40.793,48.785000000000004,48.725,0.0001,0
29.09.2016 07:02:40.913,48.785000000000004,48.715,0.0001,0
29.09.2016 07:02:41.796,48.78,48.72,0.0001,0
29.09.2016 07:02:42.604,48.785000000000004,48.725,0.0001,0
29.09.2016 07:02:42.697,48.785000000000004,48.715,0.0001,0
29.09.2016 07:02:42.798,48.78,48.72,0.0001,0
29.09.2016 07:02:46.403,48.775,48.715,0.0001,0
29.09.2016 07:02:54.044,48.785000000000004,48.715,0.0001,0
29.09.2016 07:02:55.217,48.775,48.715,0.0001,0
29.09.2016 07:03:09.519,48.785000000000004,48.725,0.0001,0
29.09.2016 07:03:16.854,48.79,48.730000000000004,0.0001,0
29.09.2016 07:03:29.986,48.785000000000004,48.725,0.0001,0
29.09.2016 07:03:30.308,48.77,48.71,0.0001,0
29.09.2016 07:03:30.777,48.765,48.705,0.0001,0
29.09.2016 07:03:34.189,48.77,48.71,0.0001,0
29.09.2016 07:03:38.697,48.78,48.72,0.0001,0
29.09.2016 07:03:39.246,48.775,48.715,0.0001,0
29.09.2016 07:03:39.635,48.78,48.72,0.0001,0
29.09.2016 07:03:59.632,48.795,48.735,0.0001,0
29.09.2016 07:04:04.645,48.805,48.745000000000005,0.0001,0
29.09.2016 07:04:05.146,48.815,48.755,0.0001,0
29.09.2016 07:04:05.646,48.805,48.745000000000005,0.0001,0
29.09.2016 07:04:13.757,48.800000000000004,48.74,0.0001,0
29.09.2016 07:04:20.366,48.795,48.735,0.0001,0
29.09.2016 07:04:31.691,48.800000000000004,48.74,0.0001,0
29.09.2016 07:04:42.899,48.795,48.735,0.0001,0
29.09.2016 07:04:54.215,48.800000000000004,48.74,0.0001,0
29.09.2016 07:04:59.223,48.805,48.745000000000005,0.0001,0
29.09.2016 07:05:10.933,48.81,48.75,0.0001,0
29.09.2016 07:05:11.778,48.805,48.745000000000005,0.0001,0
29.09.2016 07:05:16.463,48.81,48.75,0.0001,0
29.09.2016 07:05:16.959,48.805,48.745000000000005,0.0001,0
29.09.2016 07:05:17.660,48.81,48.75,0.0001,0
29.09.2016 07:05:35.294,48.805,48.745000000000005,0.0001,0
29.09.2016 07:05:51.217,48.800000000000004,48.74,0.0001,0
29.09.2016 07:05:55.521,48.81,48.75,0.0001,0
29.09.2016 07:06:04.535,48.805,48.745000000000005,0.0001,0
29.09.2016 07:06:09.042,48.81,48.75,0.0001,0
29.09.2016 07:06:10.444,48.800000000000004,48.74,0.0001,0
29.09.2016 07:06:17.856,48.795,48.735,0.0001,0
29.09.2016 07:06:19.468,48.805,48.745000000000005,0.0001,0
29.09.2016 07:06:29.870,48.800000000000004,48.74,0.0001,0
29.09.2016 07:06:41.083,48.795,48.735,0.0001,0
