Local time,Ask,Bid,AskVolume,BidVolume
12.09.2016 01:00:10.247,47.660000000000004,47.6,0.0001,0
12.09.2016 01:00:10.749,47.655,47.595,0.0001,0
12.09.2016 01:00:11.296,47.64,47.58,0.0001,0
12.09.2016 01:00:11.951,47.65,47.59,0.0001,0
12.09.2016 01:00:13.299,47.655,47.595,0.0001,0
12.09.2016 01:00:18.505,47.65,47.59,0.0001,0
12.09.2016 01:00:22.109,47.660000000000004,47.6,0.0001,0
12.09.2016 01:00:24.912,47.665,47.605000000000004,0.0001,0
12.09.2016 01:00:28.617,47.675000000000004,47.615,0.0001,0
12.09.2016 01:00:33.224,47.68,47.62,0.0001,0
12.09.2016 01:00:34.427,47.675000000000004,47.615,0.0001,0
12.09.2016 01:00:35.071,47.665,47.605000000000004,0.0001,0
12.09.2016 01:00:38.153,47.67,47.61,0.0001,0
12.09.2016 01:00:39.552,47.65,47.59,0.0001,0
12.09.2016 01:00:49.971,47.655,47.595,0.0001,0
12.09.2016 01:00:58.384,47.660000000000004,47.6,0.0001,0
12.09.2016 01:01:13.202,47.655,47.595,0.0001,0
12.09.2016 01:02:04.671,47.65,47.59,0.0001,0
12.09.2016 01:02:38.713,47.655,47.595,0.0001,0
12.09.2016 01:02:42.031,47.660000000000004,47.6,0.0001,0
12.09.2016 01:02:57.137,47.655,47.595,0.0001,0
12.09.2016 01:03:09.685,47.665,47.605000000000004,0.0001,0
12.09.2016 01:03:10.053,47.67,47.61,0.0001,0
12.09.2016 01:03:12.756,47.665,47.605000000000004,0.0001,0
12.09.2016 01:03:13.064,47.675000000000004,47.615,0.0001,0
12.09.2016 01:03:27.879,47.68,47.62,0.0001,0
12.09.2016 01:03:31.283,47.685,47.625,0.0001,0
12.09.2016 01:03:37.088,47.69,47.63,0.0001,0
12.09.2016 01:03:44.697,47.695,47.635,0.0001,0
12.09.2016 01:03:45.398,47.685,47.625,0.0001,0
12.09.2016 01:04:09.930,47.68,47.62,0.0001,0
12.09.2016 01:04:21.942,47.675000000000004,47.615,0.0001,0
12.09.2016 01:04:23.079,47.67,47.61,0.0001,0
12.09.2016 01:04:23.468,47.665,47.605000000000004,0.0001,0
12.09.2016 01:04:33.159,47.675000000000004,47.615,0.0001,0
12.09.2016 01:04:37.358,47.660000000000004,47.6,0.0001,0
12.09.2016 01:04:43.164,47.655,47.595,0.0001,0
12.09.2016 01:04:43.741,47.645,47.585,0.0001,0
12.09.2016 01:04:53.274,47.65,47.59,0.0001,0
12.09.2016 01:04:55.977,47.64,47.58,0.0001,0
12.09.2016 01:04:56.782,47.645,47.585,0.0001,0
12.09.2016 01:04:57.438,47.65,47.59,0.0001,0
12.09.2016 01:04:58.584,47.645,47.585,0.0001,0
12.09.2016 01:05:03.471,47.64,47.58,0.0001,0
12.09.2016 01:05:05.221,47.635,47.575,0.0001,0
12.09.2016 01:05:17.634,47.63,47.57,0.0001,0
12.09.2016 01:05:21.925,47.625,47.565,0.0001,0
12.09.2016 01:05:22.385,47.63,47.57,0.0001,0
12.09.2016 01:05:23.427,47.635,47.575,0.0001,0
12.09.2016 01:05:24.328,47.64,47.58,0.0001,0
12.09.2016 01:05:28.936,47.660000000000004,47.6,0.0001,0
12.09.2016 01:05:29.336,47.665,47.605000000000004,0.0001,0
12.09.2016 01:05:32.642,47.675000000000004,47.615,0.0001,0
12.09.2016 01:05:33.015,47.660000000000004,47.6,0.0001,0
12.09.2016 01:05:44.658,47.665,47.605000000000004,0.0001,0
12.09.2016 01:06:00.572,47.660000000000004,47.6,0.0001,0
12.09.2016 01:06:08.384,47.665,47.605000000000004,0.0001,0
12.09.2016 01:06:12.403,47.67,47.61,0.0001,0
12.09.2016 01:06:13.011,47.655,47.595,0.0001,0
12.09.2016 01:06:17.099,47.65,47.59,0.0001,0
12.09.2016 01:06:18.301,47.655,47.595,0.0001,0
12.09.2016 01:06:25.009,47.660000000000004,47.6,0.0001,0
12.09.2016 01:06:25.649,47.65,47.575,0.0001,0
12.09.2016 01:06:25.810,47.65,47.59,0.0001,0
12.09.2016 01:06:26.011,47.65,47.550000000000004,0.0001,0
12.09.2016 01:06:39.076,47.645,47.550000000000004,0.0001,0
12.09.2016 01:06:48.844,47.660000000000004,47.56,0.0001,0
12.09.2016 01:06:49.041,47.655,47.56,0.0001,0
12.09.2016 01:06:49.416,47.655,47.585,0.0001,0
12.09.2016 01:06:51.779,47.65,47.585,0.0001,0
12.09.2016 01:06:59.574,47.65,47.575,0.0001,0
12.09.2016 01:07:09.574,47.645,47.575,0.0001,0
12.09.2016 01:07:19.471,47.64,47.575,0.0001,0
12.09.2016 01:07:40.109,47.64,47.565,0.0001,0
12.09.2016 01:07:49.319,47.635,47.565,0.0001,0
12.09.2016 01:07:57.375,47.635,47.555,0.0001,0
12.09.2016 01:08:03.131,47.63,47.555,0.0001,0
12.09.2016 01:08:12.440,47.625,47.555,0.0001,0
12.09.2016 01:08:12.673,47.62,47.545,0.0001,0
12.09.2016 01:08:30.358,47.62,47.535000000000004,0.0001,0
12.09.2016 01:08:30.688,47.615,47.535000000000004,0.0001,0
12.09.2016 01:08:31.300,47.615,47.545,0.0001,0
12.09.2016 01:09:03.610,47.61,47.535000000000004,0.0001,0
12.09.2016 01:09:15.724,47.615,47.545,0.0001,0
12.09.2016 01:09:22.833,47.61,47.535000000000004,0.0001,0
12.09.2016 01:09:23.434,47.615,47.545,0.0001,0
12.09.2016 01:09:24.835,47.61,47.535000000000004,0.0001,0
12.09.2016 01:09:38.549,47.615,47.545,0.0001,0
12.09.2016 01:09:41.252,47.605000000000004,47.535000000000004,0.0001,0
12.09.2016 01:09:48.965,47.61,47.550000000000004,0.0001,0
12.09.2016 01:10:20.810,47.605000000000004,47.545,0.0001,0
12.09.2016 01:10:34.974,47.615,47.555,0.0001,0
12.09.2016 01:10:40.031,47.605000000000004,47.545,0.0001,0
12.09.2016 01:10:40.560,47.595,47.535000000000004,0.0001,0
12.09.2016 01:10:42.133,47.6,47.54,0.0001,0
12.09.2016 01:10:43.434,47.595,47.535000000000004,0.0001,0
12.09.2016 01:10:44.035,47.605000000000004,47.545,0.0001,0
12.09.2016 01:10:44.536,47.6,47.54,0.0001,0
12.09.2016 01:10:46.974,47.605000000000004,47.545,0.0001,0
12.09.2016 01:10:50.043,47.595,47.535000000000004,0.0001,0
12.09.2016 01:10:50.580,47.6,47.54,0.0001,0
12.09.2016 01:10:51.077,47.605000000000004,47.545,0.0001,0
12.09.2016 01:10:51.621,47.595,47.535000000000004,0.0001,0
12.09.2016 01:11:04.695,47.605000000000004,47.545,0.0001,0
12.09.2016 01:11:06.763,47.61,47.550000000000004,0.0001,0
12.09.2016 01:11:16.174,47.605000000000004,47.545,0.0001,0
12.09.2016 01:11:18.177,47.61,47.550000000000004,0.0001,0
12.09.2016 01:11:19.415,47.605000000000004,47.545,0.0001,0
12.09.2016 01:11:20.026,47.61,47.550000000000004,0.0001,0
12.09.2016 01:11:30.293,47.65,47.59,0.0001,0
12.09.2016 01:11:30.794,47.655,47.595,0.0001,0
12.09.2016 01:11:33.397,47.65,47.59,0.0001,0
12.09.2016 01:11:42.209,47.62,47.56,0.0001,0
12.09.2016 01:11:42.858,47.61,47.550000000000004,0.0001,0
12.09.2016 01:11:43.469,47.605000000000004,47.545,0.0001,0
12.09.2016 01:11:45.313,47.61,47.550000000000004,0.0001,0
12.09.2016 01:11:45.714,47.63,47.57,0.0001,0
12.09.2016 01:11:47.417,47.625,47.565,0.0001,0
12.09.2016 01:11:47.918,47.63,47.57,0.0001,0
12.09.2016 01:11:50.487,47.625,47.565,0.0001,0
12.09.2016 01:12:09.644,47.63,47.57,0.0001,0
12.09.2016 01:12:10.863,47.635,47.575,0.0001,0
12.09.2016 01:12:22.156,47.63,47.57,0.0001,0
12.09.2016 01:12:49.014,47.625,47.565,0.0001,0
12.09.2016 01:13:01.425,47.635,47.575,0.0001,0
12.09.2016 01:13:02.509,47.645,47.585,0.0001,0
12.09.2016 01:13:04.511,47.64,47.58,0.0001,0
12.09.2016 01:13:08.359,47.635,47.575,0.0001,0
12.09.2016 01:13:11.618,47.64,47.58,0.0001,0
12.09.2016 01:13:26.033,47.635,47.575,0.0001,0
12.09.2016 01:13:54.872,47.615,47.555,0.0001,0
12.09.2016 01:13:55.973,47.61,47.550000000000004,0.0001,0
12.09.2016 01:14:03.480,47.625,47.565,0.0001,0
12.09.2016 01:14:04.682,47.615,47.555,0.0001,0
12.09.2016 01:14:11.789,47.62,47.56,0.0001,0
12.09.2016 01:14:33.611,47.625,47.565,0.0001,0
12.09.2016 01:14:55.030,47.63,47.57,0.0001,0
12.09.2016 01:15:07.744,47.635,47.575,0.0001,0
12.09.2016 01:16:04.113,47.625,47.565,0.0001,0
12.09.2016 01:16:24.036,47.6,47.54,0.0001,0
12.09.2016 01:16:24.345,47.595,47.535000000000004,0.0001,0
12.09.2016 01:16:24.833,47.6,47.54,0.0001,0
12.09.2016 01:16:25.438,47.605000000000004,47.545,0.0001,0
12.09.2016 01:16:27.140,47.595,47.535000000000004,0.0001,0
12.09.2016 01:16:31.976,47.59,47.53,0.0001,0
12.09.2016 01:16:45.957,47.595,47.535000000000004,0.0001,0
12.09.2016 01:16:49.850,47.6,47.54,0.0001,0
12.09.2016 01:17:00.373,47.605000000000004,47.545,0.0001,0
12.09.2016 01:17:34.207,47.61,47.550000000000004,0.0001,0
12.09.2016 01:17:46.233,47.615,47.555,0.0001,0
12.09.2016 01:17:59.645,47.625,47.565,0.0001,0
12.09.2016 01:18:10.899,47.62,47.56,0.0001,0
12.09.2016 01:18:27.670,47.625,47.565,0.0001,0
12.09.2016 01:18:34.877,47.63,47.57,0.0001,0
12.09.2016 01:18:49.489,47.625,47.565,0.0001,0
12.09.2016 01:19:13.119,47.63,47.57,0.0001,0
12.09.2016 01:22:05.194,47.625,47.565,0.0001,0
12.09.2016 01:22:15.805,47.63,47.57,0.0001,0
12.09.2016 01:22:42.645,47.65,47.59,0.0001,0
12.09.2016 01:22:53.342,47.645,47.585,0.0001,0
12.09.2016 01:23:04.553,47.65,47.59,0.0001,0
12.09.2016 01:23:22.175,47.655,47.595,0.0001,0
12.09.2016 01:23:28.592,47.665,47.605000000000004,0.0001,0
12.09.2016 01:23:29.201,47.660000000000004,47.6,0.0001,0
12.09.2016 01:23:39.508,47.665,47.605000000000004,0.0001,0
12.09.2016 01:24:05.107,47.655,47.595,0.0001,0
12.09.2016 01:24:05.496,47.660000000000004,47.6,0.0001,0
12.09.2016 01:24:08.700,47.655,47.595,0.0001,0
12.09.2016 01:24:20.913,47.660000000000004,47.6,0.0001,0
12.09.2016 01:24:32.926,47.675000000000004,47.615,0.0001,0
12.09.2016 01:24:36.730,47.67,47.61,0.0001,0
12.09.2016 01:24:37.631,47.675000000000004,47.615,0.0001,0
12.09.2016 01:24:44.038,47.67,47.61,0.0001,0
12.09.2016 01:24:54.448,47.675000000000004,47.615,0.0001,0
12.09.2016 01:25:00.458,47.68,47.62,0.0001,0
12.09.2016 01:25:03.163,47.685,47.625,0.0001,0
12.09.2016 01:25:03.764,47.675000000000004,47.615,0.0001,0
12.09.2016 01:25:25.617,47.685,47.625,0.0001,0
12.09.2016 01:25:32.421,47.69,47.63,0.0001,0
12.09.2016 01:25:34.408,47.685,47.625,0.0001,0
12.09.2016 01:25:38.901,47.695,47.635,0.0001,0
12.09.2016 01:25:44.522,47.69,47.63,0.0001,0
12.09.2016 01:25:45.031,47.685,47.625,0.0001,0
12.09.2016 01:25:46.725,47.68,47.62,0.0001,0
12.09.2016 01:25:54.136,47.685,47.625,0.0001,0
12.09.2016 01:25:57.024,47.69,47.63,0.0001,0
12.09.2016 01:25:59.734,47.695,47.635,0.0001,0
12.09.2016 01:26:02.346,47.69,47.63,0.0001,0
12.09.2016 01:26:02.947,47.695,47.635,0.0001,0
12.09.2016 01:26:06.151,47.705,47.645,0.0001,0
12.09.2016 01:26:07.052,47.7,47.64,0.0001,0
12.09.2016 01:26:07.410,47.695,47.635,0.0001,0
12.09.2016 01:26:17.183,47.685,47.625,0.0001,0
12.09.2016 01:26:17.512,47.69,47.63,0.0001,0
12.09.2016 01:26:48.536,47.695,47.635,0.0001,0
12.09.2016 01:26:48.985,47.685,47.625,0.0001,0
12.09.2016 01:26:53.119,47.69,47.63,0.0001,0
12.09.2016 01:26:56.123,47.695,47.635,0.0001,0
12.09.2016 01:27:01.160,47.7,47.64,0.0001,0
12.09.2016 01:27:12.639,47.695,47.635,0.0001,0
12.09.2016 01:27:30.457,47.69,47.63,0.0001,0
12.09.2016 01:27:43.369,47.695,47.635,0.0001,0
12.09.2016 01:27:59.487,47.69,47.63,0.0001,0
12.09.2016 01:29:30.376,47.695,47.635,0.0001,0
12.09.2016 01:29:54.205,47.69,47.63,0.0001,0
12.09.2016 01:30:23.637,47.695,47.635,0.0001,0
12.09.2016 01:30:36.949,47.685,47.625,0.0001,0
12.09.2016 01:30:52.267,47.69,47.63,0.0001,0
12.09.2016 01:31:00.474,47.695,47.635,0.0001,0
12.09.2016 01:31:36.308,47.685,47.625,0.0001,0
12.09.2016 01:32:27.655,47.69,47.63,0.0001,0
12.09.2016 01:32:37.165,47.685,47.625,0.0001,0
12.09.2016 01:34:09.801,47.68,47.62,0.0001,0
12.09.2016 01:34:10.411,47.675000000000004,47.615,0.0001,0
12.09.2016 01:34:11.294,47.685,47.625,0.0001,0
12.09.2016 01:34:47.145,47.675000000000004,47.615,0.0001,0
12.09.2016 01:35:01.096,47.68,47.62,0.0001,0
12.09.2016 01:35:03.665,47.695,47.635,0.0001,0
12.09.2016 01:35:04.006,47.68,47.62,0.0001,0
12.09.2016 01:35:07.369,47.675000000000004,47.615,0.0001,0
12.09.2016 01:35:07.768,47.665,47.605000000000004,0.0001,0
12.09.2016 01:35:08.098,47.67,47.61,0.0001,0
12.09.2016 01:35:08.871,47.675000000000004,47.615,0.0001,0
12.09.2016 01:35:09.572,47.68,47.62,0.0001,0
12.09.2016 01:35:14.786,47.675000000000004,47.615,0.0001,0
12.09.2016 01:35:23.384,47.67,47.61,0.0001,0
12.09.2016 01:35:23.985,47.675000000000004,47.615,0.0001,0
12.09.2016 01:35:29.591,47.665,47.605000000000004,0.0001,0
12.09.2016 01:35:34.190,47.67,47.61,0.0001,0
12.09.2016 01:35:40.505,47.665,47.605000000000004,0.0001,0
12.09.2016 01:35:44.107,47.68,47.62,0.0001,0
12.09.2016 01:35:53.621,47.675000000000004,47.615,0.0001,0
12.09.2016 01:36:09.471,47.67,47.61,0.0001,0
12.09.2016 01:36:16.146,47.675000000000004,47.615,0.0001,0
12.09.2016 01:36:18.749,47.67,47.61,0.0001,0
12.09.2016 01:36:25.555,47.675000000000004,47.615,0.0001,0
12.09.2016 01:36:36.765,47.665,47.605000000000004,0.0001,0
12.09.2016 01:37:04.407,47.67,47.61,0.0001,0
12.09.2016 01:37:15.629,47.665,47.605000000000004,0.0001,0
12.09.2016 01:37:24.528,47.67,47.61,0.0001,0
12.09.2016 01:37:34.938,47.665,47.605000000000004,0.0001,0
12.09.2016 01:37:43.746,47.655,47.595,0.0001,0
12.09.2016 01:38:16.927,47.660000000000004,47.6,0.0001,0
12.09.2016 01:38:36.404,47.65,47.59,0.0001,0
12.09.2016 01:39:20.747,47.64,47.58,0.0001,0
12.09.2016 01:39:24.682,47.635,47.575,0.0001,0
12.09.2016 01:39:27.754,47.645,47.585,0.0001,0
12.09.2016 01:39:41.283,47.64,47.58,0.0001,0
12.09.2016 01:39:51.896,47.63,47.57,0.0001,0
12.09.2016 01:39:56.102,47.595,47.535000000000004,0.0001,0
12.09.2016 01:39:56.503,47.61,47.550000000000004,0.0001,0
12.09.2016 01:39:59.506,47.605000000000004,47.545,0.0001,0
12.09.2016 01:40:05.415,47.615,47.555,0.0001,0
12.09.2016 01:40:13.322,47.61,47.550000000000004,0.0001,0
12.09.2016 01:40:14.223,47.615,47.555,0.0001,0
12.09.2016 01:40:14.766,47.62,47.56,0.0001,0
12.09.2016 01:40:17.126,47.615,47.555,0.0001,0
12.09.2016 01:40:20.429,47.62,47.56,0.0001,0
12.09.2016 01:40:36.761,47.615,47.555,0.0001,0
12.09.2016 01:40:48.158,47.62,47.56,0.0001,0
12.09.2016 01:41:02.471,47.625,47.565,0.0001,0
12.09.2016 01:41:34.506,47.605000000000004,47.545,0.0001,0
12.09.2016 01:41:36.608,47.61,47.550000000000004,0.0001,0
12.09.2016 01:41:37.063,47.605000000000004,47.545,0.0001,0
12.09.2016 01:41:49.320,47.61,47.550000000000004,0.0001,0
12.09.2016 01:41:54.726,47.615,47.555,0.0001,0
12.09.2016 01:41:57.029,47.61,47.550000000000004,0.0001,0
12.09.2016 01:41:57.418,47.62,47.56,0.0001,0
12.09.2016 01:42:14.572,47.625,47.565,0.0001,0
12.09.2016 01:42:15.180,47.63,47.57,0.0001,0
12.09.2016 01:42:29.964,47.625,47.565,0.0001,0
12.09.2016 01:42:47.988,47.61,47.550000000000004,0.0001,0
12.09.2016 01:42:48.389,47.605000000000004,47.545,0.0001,0
12.09.2016 01:42:48.702,47.6,47.54,0.0001,0
12.09.2016 01:42:49.294,47.595,47.535000000000004,0.0001,0
12.09.2016 01:42:49.595,47.6,47.54,0.0001,0
12.09.2016 01:42:49.996,47.595,47.535000000000004,0.0001,0
12.09.2016 01:42:50.429,47.605000000000004,47.545,0.0001,0
12.09.2016 01:43:00.906,47.61,47.550000000000004,0.0001,0
12.09.2016 01:43:11.815,47.605000000000004,47.545,0.0001,0
12.09.2016 01:43:49.172,47.615,47.555,0.0001,0
12.09.2016 01:44:07.178,47.605000000000004,47.545,0.0001,0
12.09.2016 01:44:07.719,47.6,47.54,0.0001,0
12.09.2016 01:44:17.312,47.605000000000004,47.545,0.0001,0
12.09.2016 01:44:26.898,47.6,47.54,0.0001,0
12.09.2016 01:44:31.903,47.595,47.535000000000004,0.0001,0
12.09.2016 01:44:48.616,47.585,47.525,0.0001,0
12.09.2016 01:44:53.490,47.58,47.52,0.0001,0
12.09.2016 01:45:00.734,47.56,47.5,0.0001,0
12.09.2016 01:45:08.747,47.57,47.51,0.0001,0
12.09.2016 01:45:10.668,47.585,47.525,0.0001,0
12.09.2016 01:45:37.381,47.575,47.515,0.0001,0
12.09.2016 01:45:43.017,47.585,47.525,0.0001,0
12.09.2016 01:45:45.889,47.58,47.52,0.0001,0
12.09.2016 01:45:59.503,47.585,47.525,0.0001,0
12.09.2016 01:46:05.424,47.6,47.54,0.0001,0
12.09.2016 01:46:11.016,47.61,47.550000000000004,0.0001,0
12.09.2016 01:46:23.056,47.605000000000004,47.545,0.0001,0
12.09.2016 01:46:52.491,47.595,47.535000000000004,0.0001,0
12.09.2016 01:47:03.655,47.605000000000004,47.545,0.0001,0
12.09.2016 01:47:18.334,47.6,47.54,0.0001,0
12.09.2016 01:47:30.511,47.595,47.535000000000004,0.0001,0
12.09.2016 01:47:52.433,47.6,47.54,0.0001,0
12.09.2016 01:48:10.250,47.595,47.535000000000004,0.0001,0
12.09.2016 01:49:16.117,47.605000000000004,47.545,0.0001,0
12.09.2016 01:49:17.718,47.6,47.54,0.0001,0
12.09.2016 01:49:32.232,47.605000000000004,47.545,0.0001,0
12.09.2016 01:49:52.686,47.6,47.54,0.0001,0
12.09.2016 01:50:02.036,47.59,47.53,0.0001,0
12.09.2016 01:50:12.080,47.585,47.525,0.0001,0
12.09.2016 01:50:15.182,47.59,47.53,0.0001,0
12.09.2016 01:50:16.083,47.595,47.535000000000004,0.0001,0
12.09.2016 01:50:16.417,47.59,47.53,0.0001,0
12.09.2016 01:50:28.798,47.585,47.525,0.0001,0
12.09.2016 01:51:23.458,47.58,47.52,0.0001,0
12.09.2016 01:51:31.977,47.585,47.525,0.0001,0
12.09.2016 01:51:35.071,47.58,47.52,0.0001,0
12.09.2016 01:51:49.584,47.585,47.525,0.0001,0
12.09.2016 01:52:01.195,47.565,47.505,0.0001,0
12.09.2016 01:52:07.501,47.57,47.51,0.0001,0
12.09.2016 01:52:17.750,47.565,47.505,0.0001,0
12.09.2016 01:52:50.299,47.57,47.51,0.0001,0
12.09.2016 01:53:02.512,47.565,47.505,0.0001,0
12.09.2016 01:53:26.658,47.57,47.51,0.0001,0
12.09.2016 01:53:28.940,47.565,47.505,0.0001,0
12.09.2016 01:53:36.748,47.57,47.51,0.0001,0
12.09.2016 01:53:49.080,47.565,47.505,0.0001,0
12.09.2016 01:54:27.994,47.57,47.51,0.0001,0
12.09.2016 01:54:36.804,47.575,47.515,0.0001,0
12.09.2016 01:54:43.810,47.57,47.51,0.0001,0
12.09.2016 01:55:00.326,47.575,47.515,0.0001,0
12.09.2016 01:55:10.739,47.565,47.505,0.0001,0
12.09.2016 01:55:37.063,47.555,47.495,0.0001,0
12.09.2016 01:57:07.865,47.54,47.480000000000004,0.0001,0
12.09.2016 01:57:31.891,47.535000000000004,47.475,0.0001,0
12.09.2016 01:59:02.688,47.54,47.480000000000004,0.0001,0
12.09.2016 01:59:03.289,47.545,47.485,0.0001,0
12.09.2016 01:59:13.498,47.550000000000004,47.49,0.0001,0
12.09.2016 01:59:21.706,47.54,47.480000000000004,0.0001,0
12.09.2016 01:59:33.717,47.545,47.485,0.0001,0
12.09.2016 01:59:51.255,47.54,47.480000000000004,0.0001,0
12.09.2016 01:59:51.940,47.545,47.485,0.0001,0
12.09.2016 02:00:00.749,47.550000000000004,47.49,0.0001,0
12.09.2016 02:00:24.379,47.545,47.485,0.0001,0
12.09.2016 02:00:28.283,47.555,47.495,0.0001,0
12.09.2016 02:00:44.409,47.545,47.485,0.0001,0
12.09.2016 02:00:44.814,47.54,47.480000000000004,0.0001,0
12.09.2016 02:00:45.164,47.545,47.485,0.0001,0
12.09.2016 02:00:49.516,47.535000000000004,47.475,0.0001,0
12.09.2016 02:00:54.522,47.54,47.480000000000004,0.0001,0
12.09.2016 02:00:55.924,47.545,47.485,0.0001,0
12.09.2016 02:01:00.646,47.54,47.480000000000004,0.0001,0
12.09.2016 02:01:11.143,47.535000000000004,47.475,0.0001,0
12.09.2016 02:01:20.353,47.53,47.47,0.0001,0
12.09.2016 02:01:21.655,47.535000000000004,47.475,0.0001,0
12.09.2016 02:02:47.268,47.545,47.485,0.0001,0
12.09.2016 02:03:09.994,47.535000000000004,47.475,0.0001,0
12.09.2016 02:03:10.996,47.54,47.480000000000004,0.0001,0
12.09.2016 02:03:27.617,47.545,47.485,0.0001,0
12.09.2016 02:03:28.918,47.54,47.480000000000004,0.0001,0
12.09.2016 02:03:29.544,47.545,47.485,0.0001,0
12.09.2016 02:03:30.020,47.54,47.480000000000004,0.0001,0
12.09.2016 02:03:30.485,47.545,47.485,0.0001,0
12.09.2016 02:03:31.022,47.54,47.480000000000004,0.0001,0
12.09.2016 02:03:38.830,47.545,47.485,0.0001,0
12.09.2016 02:04:04.204,47.535000000000004,47.475,0.0001,0
12.09.2016 02:04:06.361,47.550000000000004,47.49,0.0001,0
12.09.2016 02:04:10.368,47.53,47.47,0.0001,0
12.09.2016 02:04:10.887,47.535000000000004,47.475,0.0001,0
12.09.2016 02:04:12.686,47.53,47.47,0.0001,0
12.09.2016 02:04:20.579,47.51,47.45,0.0001,0
12.09.2016 02:04:20.900,47.505,47.445,0.0001,0
12.09.2016 02:04:21.398,47.495,47.435,0.0001,0
12.09.2016 02:04:23.686,47.485,47.425000000000004,0.0001,0
12.09.2016 02:04:25.790,47.49,47.43,0.0001,0
12.09.2016 02:04:26.184,47.485,47.425000000000004,0.0001,0
12.09.2016 02:04:30.103,47.495,47.435,0.0001,0
12.09.2016 02:04:32.231,47.485,47.425000000000004,0.0001,0
12.09.2016 02:04:35.926,47.495,47.435,0.0001,0
12.09.2016 02:04:37.246,47.485,47.425000000000004,0.0001,0
12.09.2016 02:04:37.925,47.49,47.43,0.0001,0
12.09.2016 02:04:38.345,47.485,47.425000000000004,0.0001,0
12.09.2016 02:04:38.735,47.495,47.435,0.0001,0
12.09.2016 02:04:39.121,47.505,47.445,0.0001,0
12.09.2016 02:04:39.525,47.515,47.455,0.0001,0
12.09.2016 02:04:41.222,47.51,47.45,0.0001,0
12.09.2016 02:04:41.618,47.49,47.43,0.0001,0
12.09.2016 02:04:44.829,47.485,47.425000000000004,0.0001,0
12.09.2016 02:04:46.631,47.5,47.44,0.0001,0
12.09.2016 02:04:58.757,47.505,47.445,0.0001,0
12.09.2016 02:05:19.468,47.495,47.435,0.0001,0
12.09.2016 02:05:21.116,47.49,47.43,0.0001,0
12.09.2016 02:05:21.493,47.495,47.435,0.0001,0
12.09.2016 02:05:25.587,47.49,47.43,0.0001,0
12.09.2016 02:05:30.079,47.495,47.435,0.0001,0
12.09.2016 02:05:37.485,47.49,47.43,0.0001,0
12.09.2016 02:05:38.183,47.495,47.435,0.0001,0
12.09.2016 02:05:38.617,47.49,47.43,0.0001,0
12.09.2016 02:05:40.134,47.5,47.44,0.0001,0
12.09.2016 02:05:42.091,47.505,47.445,0.0001,0
12.09.2016 02:05:43.192,47.515,47.455,0.0001,0
12.09.2016 02:05:45.807,47.525,47.465,0.0001,0
12.09.2016 02:06:00.243,47.52,47.46,0.0001,0
12.09.2016 02:06:08.951,47.525,47.465,0.0001,0
12.09.2016 02:06:11.355,47.535000000000004,47.475,0.0001,0
12.09.2016 02:06:20.163,47.54,47.480000000000004,0.0001,0
12.09.2016 02:06:25.469,47.535000000000004,47.475,0.0001,0
12.09.2016 02:06:40.085,47.53,47.47,0.0001,0
12.09.2016 02:06:42.588,47.525,47.465,0.0001,0
12.09.2016 02:06:56.505,47.52,47.46,0.0001,0
12.09.2016 02:07:00.209,47.515,47.455,0.0001,0
12.09.2016 02:07:02.011,47.52,47.46,0.0001,0
12.09.2016 02:07:08.754,47.515,47.455,0.0001,0
12.09.2016 02:07:28.433,47.51,47.45,0.0001,0
12.09.2016 02:08:58.739,47.515,47.455,0.0001,0
12.09.2016 02:09:15.935,47.53,47.47,0.0001,0
12.09.2016 02:09:17.239,47.54,47.480000000000004,0.0001,0
12.09.2016 02:09:18.137,47.545,47.485,0.0001,0
12.09.2016 02:09:21.740,47.535000000000004,47.475,0.0001,0
12.09.2016 02:09:33.952,47.54,47.480000000000004,0.0001,0
12.09.2016 02:09:35.353,47.545,47.485,0.0001,0
12.09.2016 02:09:46.063,47.550000000000004,47.49,0.0001,0
12.09.2016 02:09:47.564,47.555,47.495,0.0001,0
12.09.2016 02:09:57.673,47.550000000000004,47.49,0.0001,0
12.09.2016 02:10:12.281,47.555,47.495,0.0001,0
12.09.2016 02:10:18.294,47.545,47.485,0.0001,0
12.09.2016 02:10:23.742,47.54,47.480000000000004,0.0001,0
12.09.2016 02:10:26.703,47.535000000000004,47.475,0.0001,0
12.09.2016 02:10:44.118,47.54,47.480000000000004,0.0001,0
12.09.2016 02:10:58.357,47.545,47.485,0.0001,0
12.09.2016 02:11:02.942,47.54,47.480000000000004,0.0001,0
12.09.2016 02:11:03.562,47.545,47.485,0.0001,0
12.09.2016 02:11:16.274,47.535000000000004,47.475,0.0001,0
12.09.2016 02:11:35.993,47.52,47.46,0.0001,0
12.09.2016 02:12:12.425,47.525,47.465,0.0001,0
12.09.2016 02:12:31.341,47.52,47.46,0.0001,0
12.09.2016 02:12:32.943,47.53,47.47,0.0001,0
12.09.2016 02:12:41.855,47.525,47.465,0.0001,0
12.09.2016 02:12:44.058,47.545,47.485,0.0001,0
12.09.2016 02:13:02.686,47.535000000000004,47.475,0.0001,0
12.09.2016 02:13:12.886,47.54,47.480000000000004,0.0001,0
12.09.2016 02:13:16.408,47.545,47.485,0.0001,0
12.09.2016 02:14:19.487,47.555,47.495,0.0001,0
12.09.2016 02:14:20.384,47.550000000000004,47.49,0.0001,0
12.09.2016 02:14:39.238,47.555,47.495,0.0001,0
12.09.2016 02:15:02.627,47.550000000000004,47.49,0.0001,0
12.09.2016 02:15:16.547,47.545,47.485,0.0001,0
12.09.2016 02:15:17.149,47.555,47.495,0.0001,0
12.09.2016 02:15:26.359,47.565,47.505,0.0001,0
12.09.2016 02:15:41.103,47.56,47.5,0.0001,0
12.09.2016 02:15:53.000,47.565,47.505,0.0001,0
12.09.2016 02:16:02.738,47.555,47.495,0.0001,0
12.09.2016 02:16:04.218,47.550000000000004,47.49,0.0001,0
12.09.2016 02:16:23.333,47.555,47.495,0.0001,0
12.09.2016 02:16:30.672,47.56,47.5,0.0001,0
12.09.2016 02:16:32.253,47.555,47.495,0.0001,0
12.09.2016 02:16:48.781,47.550000000000004,47.49,0.0001,0
12.09.2016 02:16:58.092,47.545,47.485,0.0001,0
12.09.2016 02:17:09.106,47.54,47.480000000000004,0.0001,0
12.09.2016 02:17:09.606,47.53,47.47,0.0001,0
12.09.2016 02:17:12.509,47.535000000000004,47.475,0.0001,0
12.09.2016 02:17:18.829,47.53,47.47,0.0001,0
12.09.2016 02:17:34.832,47.535000000000004,47.475,0.0001,0
12.09.2016 02:17:35.236,47.525,47.465,0.0001,0
12.09.2016 02:17:51.151,47.515,47.455,0.0001,0
12.09.2016 02:18:02.465,47.525,47.465,0.0001,0
12.09.2016 02:18:03.868,47.515,47.455,0.0001,0
12.09.2016 02:18:07.773,47.51,47.45,0.0001,0
12.09.2016 02:18:19.549,47.505,47.445,0.0001,0
12.09.2016 02:18:20.073,47.495,47.435,0.0001,0
12.09.2016 02:18:21.064,47.51,47.45,0.0001,0
12.09.2016 02:18:25.257,47.505,47.445,0.0001,0
12.09.2016 02:18:35.771,47.5,47.44,0.0001,0
12.09.2016 02:18:37.973,47.495,47.435,0.0001,0
12.09.2016 02:18:46.683,47.5,47.44,0.0001,0
12.09.2016 02:18:57.596,47.49,47.43,0.0001,0
12.09.2016 02:19:05.204,47.495,47.435,0.0001,0
12.09.2016 02:19:05.906,47.49,47.43,0.0001,0
12.09.2016 02:19:07.708,47.495,47.435,0.0001,0
12.09.2016 02:19:17.819,47.49,47.43,0.0001,0
12.09.2016 02:19:41.051,47.485,47.425000000000004,0.0001,0
12.09.2016 02:19:41.952,47.49,47.43,0.0001,0
12.09.2016 02:19:51.365,47.485,47.425000000000004,0.0001,0
12.09.2016 02:20:42.283,47.480000000000004,47.42,0.0001,0
12.09.2016 02:20:42.634,47.47,47.410000000000004,0.0001,0
12.09.2016 02:20:43.236,47.475,47.415,0.0001,0
12.09.2016 02:20:43.552,47.465,47.405,0.0001,0
12.09.2016 02:20:43.953,47.47,47.410000000000004,0.0001,0
12.09.2016 02:20:49.348,47.46,47.4,0.0001,0
12.09.2016 02:20:52.648,47.455,47.395,0.0001,0
12.09.2016 02:20:53.850,47.46,47.4,0.0001,0
12.09.2016 02:20:58.059,47.455,47.395,0.0001,0
12.09.2016 02:20:58.574,47.465,47.405,0.0001,0
12.09.2016 02:20:59.362,47.46,47.4,0.0001,0
12.09.2016 02:21:07.074,47.455,47.395,0.0001,0
12.09.2016 02:21:09.825,47.46,47.4,0.0001,0
12.09.2016 02:21:13.884,47.465,47.405,0.0001,0
12.09.2016 02:21:15.703,47.455,47.395,0.0001,0
12.09.2016 02:21:25.199,47.46,47.4,0.0001,0
12.09.2016 02:21:34.742,47.45,47.39,0.0001,0
12.09.2016 02:21:38.424,47.445,47.385,0.0001,0
12.09.2016 02:21:51.144,47.44,47.38,0.0001,0
12.09.2016 02:21:53.041,47.43,47.37,0.0001,0
12.09.2016 02:21:53.373,47.435,47.375,0.0001,0
12.09.2016 02:21:55.549,47.43,47.37,0.0001,0
12.09.2016 02:22:04.309,47.405,47.345,0.0001,0
12.09.2016 02:22:05.307,47.42,47.36,0.0001,0
12.09.2016 02:22:10.974,47.425000000000004,47.365,0.0001,0
12.09.2016 02:22:18.284,47.435,47.375,0.0001,0
12.09.2016 02:22:18.803,47.43,47.37,0.0001,0
12.09.2016 02:22:19.286,47.425000000000004,47.365,0.0001,0
12.09.2016 02:22:22.891,47.43,47.37,0.0001,0
12.09.2016 02:22:29.103,47.415,47.355000000000004,0.0001,0
12.09.2016 02:22:30.549,47.410000000000004,47.35,0.0001,0
12.09.2016 02:22:31.403,47.405,47.345,0.0001,0
12.09.2016 02:22:33.206,47.415,47.355000000000004,0.0001,0
12.09.2016 02:22:39.829,47.425000000000004,47.365,0.0001,0
12.09.2016 02:22:42.617,47.43,47.37,0.0001,0
12.09.2016 02:22:44.320,47.415,47.355000000000004,0.0001,0
12.09.2016 02:22:48.227,47.405,47.345,0.0001,0
12.09.2016 02:22:59.344,47.410000000000004,47.35,0.0001,0
12.09.2016 02:23:12.461,47.405,47.345,0.0001,0
12.09.2016 02:23:12.912,47.4,47.34,0.0001,0
12.09.2016 02:23:13.392,47.395,47.335,0.0001,0
12.09.2016 02:23:15.469,47.405,47.345,0.0001,0
12.09.2016 02:23:20.476,47.415,47.355000000000004,0.0001,0
12.09.2016 02:23:23.210,47.410000000000004,47.35,0.0001,0
12.09.2016 02:23:24.081,47.4,47.34,0.0001,0
12.09.2016 02:23:25.684,47.405,47.345,0.0001,0
12.09.2016 02:23:29.291,47.425000000000004,47.365,0.0001,0
12.09.2016 02:23:29.761,47.42,47.36,0.0001,0
12.09.2016 02:23:42.606,47.415,47.355000000000004,0.0001,0
12.09.2016 02:23:43.908,47.410000000000004,47.35,0.0001,0
12.09.2016 02:23:44.209,47.415,47.355000000000004,0.0001,0
12.09.2016 02:23:51.517,47.405,47.345,0.0001,0
12.09.2016 02:23:52.719,47.39,47.33,0.0001,0
12.09.2016 02:23:54.521,47.395,47.335,0.0001,0
12.09.2016 02:23:55.422,47.4,47.34,0.0001,0
12.09.2016 02:24:01.145,47.39,47.33,0.0001,0
12.09.2016 02:24:04.840,47.385,47.325,0.0001,0
12.09.2016 02:24:05.241,47.375,47.315,0.0001,0
12.09.2016 02:24:05.542,47.38,47.32,0.0001,0
12.09.2016 02:24:15.357,47.355000000000004,47.295,0.0001,0
12.09.2016 02:24:15.958,47.36,47.300000000000004,0.0001,0
12.09.2016 02:24:27.221,47.37,47.31,0.0001,0
12.09.2016 02:24:36.183,47.375,47.315,0.0001,0
12.09.2016 02:24:41.891,47.385,47.325,0.0001,0
12.09.2016 02:24:42.191,47.4,47.34,0.0001,0
12.09.2016 02:24:43.894,47.405,47.345,0.0001,0
12.09.2016 02:24:51.769,47.395,47.335,0.0001,0
12.09.2016 02:24:52.266,47.405,47.345,0.0001,0
12.09.2016 02:24:56.850,47.4,47.34,0.0001,0
12.09.2016 02:24:58.525,47.395,47.335,0.0001,0
12.09.2016 02:25:17.754,47.4,47.34,0.0001,0
12.09.2016 02:25:20.074,47.395,47.335,0.0001,0
12.09.2016 02:25:20.541,47.4,47.34,0.0001,0
12.09.2016 02:25:40.887,47.395,47.335,0.0001,0
12.09.2016 02:25:43.897,47.405,47.345,0.0001,0
12.09.2016 02:25:45.099,47.415,47.355000000000004,0.0001,0
12.09.2016 02:25:45.572,47.410000000000004,47.35,0.0001,0
12.09.2016 02:25:48.124,47.4,47.34,0.0001,0
12.09.2016 02:25:55.614,47.395,47.335,0.0001,0
12.09.2016 02:26:02.128,47.39,47.33,0.0001,0
12.09.2016 02:26:10.245,47.395,47.335,0.0001,0
12.09.2016 02:26:13.550,47.4,47.34,0.0001,0
12.09.2016 02:26:14.109,47.395,47.335,0.0001,0
12.09.2016 02:26:16.055,47.39,47.33,0.0001,0
12.09.2016 02:26:16.656,47.395,47.335,0.0001,0
12.09.2016 02:26:18.161,47.42,47.36,0.0001,0
12.09.2016 02:26:18.772,47.425000000000004,47.365,0.0001,0
12.09.2016 02:26:24.417,47.42,47.36,0.0001,0
12.09.2016 02:26:24.745,47.435,47.375,0.0001,0
12.09.2016 02:26:27.976,47.44,47.38,0.0001,0
12.09.2016 02:26:34.397,47.435,47.375,0.0001,0
12.09.2016 02:26:34.885,47.44,47.38,0.0001,0
12.09.2016 02:26:35.382,47.435,47.375,0.0001,0
12.09.2016 02:26:36.091,47.44,47.38,0.0001,0
12.09.2016 02:26:38.291,47.435,47.375,0.0001,0
12.09.2016 02:26:40.594,47.44,47.38,0.0001,0
12.09.2016 02:26:42.797,47.435,47.375,0.0001,0
12.09.2016 02:26:45.700,47.44,47.38,0.0001,0
12.09.2016 02:26:48.905,47.435,47.375,0.0001,0
12.09.2016 02:26:49.206,47.44,47.38,0.0001,0
12.09.2016 02:26:49.906,47.445,47.385,0.0001,0
12.09.2016 02:26:51.109,47.44,47.38,0.0001,0
12.09.2016 02:26:57.319,47.435,47.375,0.0001,0
12.09.2016 02:27:02.960,47.410000000000004,47.35,0.0001,0
12.09.2016 02:27:04.531,47.415,47.355000000000004,0.0001,0
12.09.2016 02:27:24.561,47.42,47.36,0.0001,0
12.09.2016 02:27:27.565,47.43,47.37,0.0001,0
12.09.2016 02:27:28.129,47.435,47.375,0.0001,0
12.09.2016 02:27:28.460,47.43,47.37,0.0001,0
12.09.2016 02:27:44.885,47.435,47.375,0.0001,0
12.09.2016 02:27:45.314,47.44,47.38,0.0001,0
12.09.2016 02:27:50.195,47.43,47.37,0.0001,0
12.09.2016 02:27:50.696,47.435,47.375,0.0001,0
12.09.2016 02:28:00.708,47.425000000000004,47.365,0.0001,0
12.09.2016 02:28:47.465,47.42,47.36,0.0001,0
12.09.2016 02:28:53.872,47.415,47.355000000000004,0.0001,0
12.09.2016 02:28:54.973,47.43,47.37,0.0001,0
12.09.2016 02:29:08.489,47.425000000000004,47.365,0.0001,0
12.09.2016 02:29:20.405,47.410000000000004,47.35,0.0001,0
12.09.2016 02:29:23.860,47.405,47.345,0.0001,0
12.09.2016 02:29:26.316,47.410000000000004,47.35,0.0001,0
12.09.2016 02:29:26.897,47.415,47.355000000000004,0.0001,0
12.09.2016 02:29:38.535,47.410000000000004,47.35,0.0001,0
12.09.2016 02:29:39.332,47.415,47.355000000000004,0.0001,0
12.09.2016 02:29:49.643,47.410000000000004,47.35,0.0001,0
12.09.2016 02:29:53.079,47.415,47.355000000000004,0.0001,0
12.09.2016 02:29:54.148,47.410000000000004,47.35,0.0001,0
12.09.2016 02:29:54.649,47.405,47.345,0.0001,0
12.09.2016 02:29:55.781,47.39,47.33,0.0001,0
12.09.2016 02:29:58.258,47.395,47.335,0.0001,0
12.09.2016 02:30:01.062,47.385,47.325,0.0001,0
12.09.2016 02:30:01.967,47.375,47.315,0.0001,0
12.09.2016 02:30:07.630,47.37,47.31,0.0001,0
12.09.2016 02:30:08.987,47.375,47.315,0.0001,0
12.09.2016 02:30:09.689,47.38,47.32,0.0001,0
12.09.2016 02:30:11.193,47.375,47.315,0.0001,0
12.09.2016 02:30:21.414,47.38,47.32,0.0001,0
12.09.2016 02:30:35.539,47.4,47.34,0.0001,0
12.09.2016 02:30:39.870,47.39,47.33,0.0001,0
12.09.2016 02:30:48.191,47.375,47.315,0.0001,0
12.09.2016 02:30:55.782,47.37,47.31,0.0001,0
12.09.2016 02:30:56.180,47.375,47.315,0.0001,0
12.09.2016 02:31:02.397,47.37,47.31,0.0001,0
12.09.2016 02:31:04.600,47.365,47.305,0.0001,0
12.09.2016 02:31:14.020,47.37,47.31,0.0001,0
12.09.2016 02:31:14.656,47.365,47.305,0.0001,0
12.09.2016 02:31:23.836,47.36,47.300000000000004,0.0001,0
12.09.2016 02:31:29.997,47.37,47.31,0.0001,0
12.09.2016 02:31:31.937,47.375,47.315,0.0001,0
12.09.2016 02:31:32.247,47.36,47.300000000000004,0.0001,0
12.09.2016 02:31:32.902,47.365,47.305,0.0001,0
12.09.2016 02:31:43.173,47.36,47.300000000000004,0.0001,0
12.09.2016 02:32:00.561,47.355000000000004,47.295,0.0001,0
12.09.2016 02:32:09.177,47.35,47.29,0.0001,0
12.09.2016 02:32:14.992,47.355000000000004,47.295,0.0001,0
12.09.2016 02:32:20.491,47.35,47.29,0.0001,0
12.09.2016 02:32:38.972,47.36,47.300000000000004,0.0001,0
12.09.2016 02:32:53.544,47.355000000000004,47.295,0.0001,0
12.09.2016 02:34:04.580,47.345,47.285000000000004,0.0001,0
12.09.2016 02:34:12.345,47.355000000000004,47.295,0.0001,0
12.09.2016 02:34:20.791,47.345,47.285000000000004,0.0001,0
12.09.2016 02:34:46.396,47.35,47.29,0.0001,0
12.09.2016 02:34:51.902,47.345,47.285000000000004,0.0001,0
12.09.2016 02:34:52.704,47.355000000000004,47.295,0.0001,0
12.09.2016 02:35:01.521,47.345,47.285000000000004,0.0001,0
12.09.2016 02:35:08.935,47.34,47.28,0.0001,0
12.09.2016 02:35:09.236,47.345,47.285000000000004,0.0001,0
12.09.2016 02:35:13.174,47.34,47.28,0.0001,0
12.09.2016 02:35:14.345,47.345,47.285000000000004,0.0001,0
12.09.2016 02:35:22.361,47.34,47.28,0.0001,0
12.09.2016 02:35:22.754,47.345,47.285000000000004,0.0001,0
12.09.2016 02:35:35.483,47.34,47.28,0.0001,0
12.09.2016 02:35:51.109,47.345,47.285000000000004,0.0001,0
12.09.2016 02:36:00.524,47.35,47.29,0.0001,0
12.09.2016 02:36:02.128,47.345,47.285000000000004,0.0001,0
12.09.2016 02:36:02.829,47.35,47.29,0.0001,0
12.09.2016 02:36:09.741,47.345,47.285000000000004,0.0001,0
12.09.2016 02:36:21.460,47.35,47.29,0.0001,0
12.09.2016 02:37:36.989,47.355000000000004,47.295,0.0001,0
12.09.2016 02:38:00.123,47.36,47.300000000000004,0.0001,0
12.09.2016 02:38:03.154,47.355000000000004,47.295,0.0001,0
12.09.2016 02:38:04.945,47.345,47.285000000000004,0.0001,0
12.09.2016 02:38:24.067,47.355000000000004,47.295,0.0001,0
12.09.2016 02:39:00.319,47.365,47.305,0.0001,0
12.09.2016 02:39:01.121,47.355000000000004,47.295,0.0001,0
12.09.2016 02:39:01.584,47.36,47.300000000000004,0.0001,0
12.09.2016 02:39:10.136,47.355000000000004,47.295,0.0001,0
12.09.2016 02:39:53.710,47.365,47.305,0.0001,0
12.09.2016 02:39:55.715,47.355000000000004,47.295,0.0001,0
12.09.2016 02:39:56.718,47.36,47.300000000000004,0.0001,0
12.09.2016 02:40:01.226,47.355000000000004,47.295,0.0001,0
12.09.2016 02:40:07.135,47.365,47.305,0.0001,0
12.09.2016 02:40:08.537,47.36,47.300000000000004,0.0001,0
12.09.2016 02:40:11.254,47.355000000000004,47.295,0.0001,0
12.09.2016 02:40:13.644,47.36,47.300000000000004,0.0001,0
12.09.2016 02:40:33.307,47.355000000000004,47.295,0.0001,0
12.09.2016 02:41:01.447,47.35,47.29,0.0001,0
12.09.2016 02:41:06.063,47.355000000000004,47.295,0.0001,0
12.09.2016 02:41:06.414,47.35,47.29,0.0001,0
12.09.2016 02:41:17.427,47.335,47.275,0.0001,0
12.09.2016 02:41:17.982,47.35,47.29,0.0001,0
12.09.2016 02:41:31.750,47.355000000000004,47.295,0.0001,0
12.09.2016 02:41:40.662,47.345,47.285000000000004,0.0001,0
12.09.2016 02:41:40.963,47.35,47.29,0.0001,0
12.09.2016 02:41:53.976,47.345,47.285000000000004,0.0001,0
12.09.2016 02:42:15.918,47.35,47.29,0.0001,0
12.09.2016 02:42:19.424,47.355000000000004,47.295,0.0001,0
12.09.2016 02:42:29.637,47.35,47.29,0.0001,0
12.09.2016 02:42:52.565,47.345,47.285000000000004,0.0001,0
12.09.2016 02:43:12.185,47.365,47.305,0.0001,0
12.09.2016 02:43:19.392,47.35,47.29,0.0001,0
12.09.2016 02:43:19.847,47.345,47.285000000000004,0.0001,0
12.09.2016 02:43:25.599,47.35,47.29,0.0001,0
12.09.2016 02:43:35.813,47.355000000000004,47.295,0.0001,0
12.09.2016 02:43:52.932,47.35,47.29,0.0001,0
12.09.2016 02:44:04.345,47.355000000000004,47.295,0.0001,0
12.09.2016 02:44:09.151,47.35,47.29,0.0001,0
12.09.2016 02:44:23.473,47.355000000000004,47.295,0.0001,0
12.09.2016 02:44:42.922,47.35,47.29,0.0001,0
12.09.2016 02:44:43.915,47.345,47.285000000000004,0.0001,0
12.09.2016 02:44:47.418,47.35,47.29,0.0001,0
12.09.2016 02:44:52.025,47.355000000000004,47.295,0.0001,0
12.09.2016 02:44:52.328,47.35,47.29,0.0001,0
12.09.2016 02:45:03.138,47.355000000000004,47.295,0.0001,0
12.09.2016 02:45:03.470,47.35,47.29,0.0001,0
12.09.2016 02:45:15.012,47.355000000000004,47.295,0.0001,0
12.09.2016 02:45:18.561,47.345,47.285000000000004,0.0001,0
12.09.2016 02:45:25.818,47.355000000000004,47.295,0.0001,0
12.09.2016 02:45:52.806,47.365,47.305,0.0001,0
12.09.2016 02:45:53.349,47.355000000000004,47.295,0.0001,0
12.09.2016 02:45:56.443,47.375,47.315,0.0001,0
12.09.2016 02:45:56.812,47.37,47.31,0.0001,0
12.09.2016 02:46:05.267,47.365,47.305,0.0001,0
12.09.2016 02:46:08.129,47.36,47.300000000000004,0.0001,0
12.09.2016 02:46:11.477,47.37,47.31,0.0001,0
12.09.2016 02:46:24.116,47.365,47.305,0.0001,0
12.09.2016 02:46:28.269,47.375,47.315,0.0001,0
12.09.2016 02:46:32.262,47.365,47.305,0.0001,0
12.09.2016 02:46:44.981,47.37,47.31,0.0001,0
12.09.2016 02:46:45.332,47.375,47.315,0.0001,0
12.09.2016 02:46:46.983,47.37,47.31,0.0001,0
12.09.2016 02:46:50.194,47.365,47.305,0.0001,0
12.09.2016 02:47:08.011,47.37,47.31,0.0001,0
12.09.2016 02:47:19.826,47.365,47.305,0.0001,0
12.09.2016 02:48:02.340,47.37,47.31,0.0001,0
12.09.2016 02:48:07.090,47.375,47.315,0.0001,0
12.09.2016 02:48:28.915,47.38,47.32,0.0001,0
12.09.2016 02:48:37.323,47.385,47.325,0.0001,0
12.09.2016 02:48:40.326,47.415,47.355000000000004,0.0001,0
12.09.2016 02:48:40.774,47.43,47.37,0.0001,0
12.09.2016 02:48:41.185,47.425000000000004,47.365,0.0001,0
12.09.2016 02:48:43.731,47.43,47.37,0.0001,0
12.09.2016 02:48:44.865,47.425000000000004,47.365,0.0001,0
12.09.2016 02:48:50.879,47.43,47.37,0.0001,0
12.09.2016 02:48:53.143,47.425000000000004,47.365,0.0001,0
12.09.2016 02:48:58.148,47.43,47.37,0.0001,0
12.09.2016 02:49:01.752,47.425000000000004,47.365,0.0001,0
12.09.2016 02:49:03.954,47.43,47.37,0.0001,0
12.09.2016 02:49:06.677,47.425000000000004,47.365,0.0001,0
12.09.2016 02:49:16.072,47.42,47.36,0.0001,0
12.09.2016 02:49:16.472,47.415,47.355000000000004,0.0001,0
12.09.2016 02:49:18.975,47.410000000000004,47.35,0.0001,0
12.09.2016 02:49:20.878,47.405,47.345,0.0001,0
12.09.2016 02:49:23.907,47.415,47.355000000000004,0.0001,0
12.09.2016 02:49:25.584,47.405,47.345,0.0001,0
12.09.2016 02:49:26.165,47.415,47.355000000000004,0.0001,0
12.09.2016 02:49:30.891,47.410000000000004,47.35,0.0001,0
12.09.2016 02:50:01.530,47.4,47.34,0.0001,0
12.09.2016 02:50:02.000,47.395,47.335,0.0001,0
12.09.2016 02:50:12.645,47.4,47.34,0.0001,0
12.09.2016 02:50:48.486,47.385,47.325,0.0001,0
12.09.2016 02:50:48.790,47.38,47.32,0.0001,0
12.09.2016 02:50:57.612,47.39,47.33,0.0001,0
12.09.2016 02:51:01.599,47.395,47.335,0.0001,0
12.09.2016 02:51:03.601,47.39,47.33,0.0001,0
12.09.2016 02:51:09.307,47.4,47.34,0.0001,0
12.09.2016 02:51:26.931,47.395,47.335,0.0001,0
12.09.2016 02:51:43.453,47.39,47.33,0.0001,0
12.09.2016 02:51:44.250,47.395,47.335,0.0001,0
12.09.2016 02:51:45.292,47.39,47.33,0.0001,0
12.09.2016 02:51:45.606,47.395,47.335,0.0001,0
12.09.2016 02:51:57.571,47.39,47.33,0.0001,0
12.09.2016 02:52:02.179,47.395,47.335,0.0001,0
12.09.2016 02:52:12.590,47.39,47.33,0.0001,0
12.09.2016 02:52:22.501,47.385,47.325,0.0001,0
12.09.2016 02:52:23.603,47.375,47.315,0.0001,0
12.09.2016 02:52:35.942,47.37,47.31,0.0001,0
12.09.2016 02:53:27.784,47.375,47.315,0.0001,0
12.09.2016 02:53:31.789,47.37,47.31,0.0001,0
12.09.2016 02:53:59.527,47.38,47.32,0.0001,0
12.09.2016 02:54:00.129,47.385,47.325,0.0001,0
12.09.2016 02:54:10.329,47.38,47.32,0.0001,0
12.09.2016 02:54:17.948,47.355000000000004,47.295,0.0001,0
12.09.2016 02:54:18.280,47.35,47.29,0.0001,0
12.09.2016 02:54:20.151,47.355000000000004,47.295,0.0001,0
12.09.2016 02:54:36.084,47.36,47.300000000000004,0.0001,0
12.09.2016 02:54:53.699,47.365,47.305,0.0001,0
12.09.2016 02:54:56.903,47.36,47.300000000000004,0.0001,0
12.09.2016 02:55:02.112,47.35,47.29,0.0001,0
12.09.2016 02:55:04.516,47.345,47.285000000000004,0.0001,0
12.09.2016 02:55:05.418,47.34,47.28,0.0001,0
12.09.2016 02:55:10.672,47.35,47.29,0.0001,0
12.09.2016 02:55:11.425,47.345,47.285000000000004,0.0001,0
12.09.2016 02:55:22.337,47.35,47.29,0.0001,0
12.09.2016 02:55:26.643,47.345,47.285000000000004,0.0001,0
12.09.2016 02:55:28.647,47.36,47.300000000000004,0.0001,0
12.09.2016 02:55:41.462,47.365,47.305,0.0001,0
12.09.2016 02:55:46.668,47.36,47.300000000000004,0.0001,0
12.09.2016 02:55:55.424,47.355000000000004,47.295,0.0001,0
12.09.2016 02:55:55.789,47.35,47.29,0.0001,0
12.09.2016 02:55:57.183,47.365,47.305,0.0001,0
12.09.2016 02:56:10.652,47.36,47.300000000000004,0.0001,0
12.09.2016 02:56:36.744,47.365,47.305,0.0001,0
12.09.2016 02:56:37.708,47.37,47.31,0.0001,0
12.09.2016 02:56:43.254,47.375,47.315,0.0001,0
12.09.2016 02:56:43.620,47.38,47.32,0.0001,0
12.09.2016 02:56:44.456,47.385,47.325,0.0001,0
12.09.2016 02:56:47.386,47.375,47.315,0.0001,0
12.09.2016 02:57:10.238,47.37,47.31,0.0001,0
12.09.2016 02:57:11.910,47.375,47.315,0.0001,0
12.09.2016 02:57:14.803,47.365,47.305,0.0001,0
12.09.2016 02:57:24.821,47.37,47.31,0.0001,0
12.09.2016 02:57:25.198,47.375,47.315,0.0001,0
12.09.2016 02:57:27.557,47.365,47.305,0.0001,0
12.09.2016 02:57:35.841,47.375,47.315,0.0001,0
12.09.2016 02:57:36.738,47.37,47.31,0.0001,0
12.09.2016 02:57:54.981,47.375,47.315,0.0001,0
12.09.2016 02:57:57.789,47.385,47.325,0.0001,0
12.09.2016 02:58:05.401,47.39,47.33,0.0001,0
12.09.2016 02:58:13.418,47.38,47.32,0.0001,0
12.09.2016 02:58:18.127,47.37,47.31,0.0001,0
12.09.2016 02:58:33.252,47.365,47.305,0.0001,0
12.09.2016 02:58:35.256,47.355000000000004,47.295,0.0001,0
12.09.2016 02:58:41.367,47.35,47.29,0.0001,0
12.09.2016 02:58:43.069,47.34,47.28,0.0001,0
12.09.2016 02:58:43.570,47.335,47.275,0.0001,0
12.09.2016 02:58:46.075,47.34,47.28,0.0001,0
12.09.2016 02:58:50.183,47.335,47.275,0.0001,0
12.09.2016 02:58:56.102,47.33,47.27,0.0001,0
12.09.2016 02:59:00.408,47.335,47.275,0.0001,0
12.09.2016 02:59:17.840,47.33,47.27,0.0001,0
12.09.2016 02:59:18.195,47.300000000000004,47.24,0.0001,0
12.09.2016 02:59:18.843,47.305,47.245,0.0001,0
12.09.2016 02:59:19.144,47.295,47.235,0.0001,0
12.09.2016 02:59:19.544,47.29,47.230000000000004,0.0001,0
12.09.2016 02:59:19.896,47.285000000000004,47.225,0.0001,0
12.09.2016 02:59:20.460,47.295,47.235,0.0001,0
12.09.2016 02:59:22.651,47.305,47.245,0.0001,0
12.09.2016 02:59:24.655,47.31,47.25,0.0001,0
12.09.2016 02:59:26.358,47.305,47.245,0.0001,0
12.09.2016 02:59:26.730,47.295,47.235,0.0001,0
12.09.2016 02:59:29.092,47.29,47.230000000000004,0.0001,0
12.09.2016 02:59:31.311,47.295,47.235,0.0001,0
12.09.2016 02:59:31.850,47.29,47.230000000000004,0.0001,0
12.09.2016 02:59:36.120,47.295,47.235,0.0001,0
12.09.2016 02:59:36.470,47.300000000000004,47.24,0.0001,0
12.09.2016 02:59:36.800,47.29,47.230000000000004,0.0001,0
12.09.2016 02:59:37.839,47.305,47.245,0.0001,0
12.09.2016 02:59:38.169,47.300000000000004,47.24,0.0001,0
12.09.2016 02:59:40.025,47.305,47.245,0.0001,0
12.09.2016 02:59:42.130,47.31,47.25,0.0001,0
12.09.2016 02:59:48.741,47.305,47.245,0.0001,0
12.09.2016 02:59:49.120,47.335,47.275,0.0001,0
12.09.2016 02:59:49.496,47.34,47.28,0.0001,0
12.09.2016 02:59:52.190,47.335,47.275,0.0001,0
12.09.2016 02:59:57.756,47.325,47.265,0.0001,0
12.09.2016 03:00:02.268,47.32,47.26,0.0001,0
12.09.2016 03:00:04.373,47.305,47.245,0.0001,0
12.09.2016 03:00:04.899,47.295,47.235,0.0001,0
12.09.2016 03:00:09.783,47.305,47.245,0.0001,0
12.09.2016 03:00:10.084,47.31,47.25,0.0001,0
12.09.2016 03:00:10.585,47.305,47.245,0.0001,0
12.09.2016 03:00:10.898,47.300000000000004,47.24,0.0001,0
12.09.2016 03:00:12.288,47.305,47.245,0.0001,0
12.09.2016 03:00:17.297,47.295,47.235,0.0001,0
12.09.2016 03:00:17.599,47.300000000000004,47.24,0.0001,0
12.09.2016 03:00:28.117,47.305,47.245,0.0001,0
12.09.2016 03:00:30.521,47.300000000000004,47.24,0.0001,0
12.09.2016 03:00:30.854,47.305,47.245,0.0001,0
12.09.2016 03:00:36.493,47.315,47.255,0.0001,0
12.09.2016 03:00:37.030,47.31,47.25,0.0001,0
12.09.2016 03:00:40.280,47.325,47.265,0.0001,0
12.09.2016 03:00:40.671,47.335,47.275,0.0001,0
12.09.2016 03:00:41.037,47.325,47.265,0.0001,0
12.09.2016 03:00:41.739,47.32,47.26,0.0001,0
12.09.2016 03:00:53.958,47.315,47.255,0.0001,0
12.09.2016 03:00:55.393,47.33,47.27,0.0001,0
12.09.2016 03:00:56.661,47.325,47.265,0.0001,0
12.09.2016 03:01:07.677,47.31,47.25,0.0001,0
12.09.2016 03:01:08.081,47.305,47.245,0.0001,0
12.09.2016 03:01:14.856,47.31,47.25,0.0001,0
12.09.2016 03:01:19.290,47.305,47.245,0.0001,0
12.09.2016 03:01:25.897,47.295,47.235,0.0001,0
12.09.2016 03:01:34.411,47.305,47.245,0.0001,0
12.09.2016 03:01:35.062,47.315,47.255,0.0001,0
12.09.2016 03:01:37.215,47.325,47.265,0.0001,0
12.09.2016 03:01:38.025,47.32,47.26,0.0001,0
12.09.2016 03:02:01.159,47.31,47.25,0.0001,0
12.09.2016 03:02:04.063,47.305,47.245,0.0001,0
12.09.2016 03:02:05.065,47.31,47.25,0.0001,0
12.09.2016 03:02:05.772,47.315,47.255,0.0001,0
12.09.2016 03:02:07.369,47.31,47.25,0.0001,0
12.09.2016 03:02:07.700,47.315,47.255,0.0001,0
12.09.2016 03:02:18.382,47.32,47.26,0.0001,0
12.09.2016 03:02:28.537,47.315,47.255,0.0001,0
12.09.2016 03:02:30.200,47.305,47.245,0.0001,0
12.09.2016 03:02:30.518,47.31,47.25,0.0001,0
12.09.2016 03:02:30.849,47.305,47.245,0.0001,0
12.09.2016 03:02:31.155,47.31,47.25,0.0001,0
12.09.2016 03:02:31.458,47.305,47.245,0.0001,0
12.09.2016 03:02:32.215,47.31,47.25,0.0001,0
12.09.2016 03:02:32.545,47.315,47.255,0.0001,0
12.09.2016 03:02:40.018,47.305,47.245,0.0001,0
12.09.2016 03:02:49.532,47.300000000000004,47.24,0.0001,0
12.09.2016 03:02:53.738,47.29,47.230000000000004,0.0001,0
12.09.2016 03:03:06.055,47.300000000000004,47.24,0.0001,0
12.09.2016 03:03:13.066,47.285000000000004,47.225,0.0001,0
12.09.2016 03:03:20.078,47.300000000000004,47.24,0.0001,0
12.09.2016 03:03:22.279,47.29,47.230000000000004,0.0001,0
12.09.2016 03:03:31.388,47.300000000000004,47.24,0.0001,0
12.09.2016 03:03:46.916,47.305,47.245,0.0001,0
12.09.2016 03:04:09.357,47.29,47.230000000000004,0.0001,0
12.09.2016 03:04:31.038,47.295,47.235,0.0001,0
12.09.2016 03:04:32.076,47.305,47.245,0.0001,0
12.09.2016 03:04:49.903,47.31,47.25,0.0001,0
12.09.2016 03:04:53.062,47.315,47.255,0.0001,0
12.09.2016 03:05:02.326,47.305,47.245,0.0001,0
12.09.2016 03:05:04.440,47.300000000000004,47.24,0.0001,0
12.09.2016 03:05:04.776,47.305,47.245,0.0001,0
12.09.2016 03:05:11.158,47.31,47.25,0.0001,0
12.09.2016 03:05:12.240,47.305,47.245,0.0001,0
12.09.2016 03:05:22.156,47.300000000000004,47.24,0.0001,0
12.09.2016 03:05:22.776,47.295,47.235,0.0001,0
12.09.2016 03:06:01.019,47.300000000000004,47.24,0.0001,0
12.09.2016 03:06:20.681,47.31,47.25,0.0001,0
12.09.2016 03:06:21.152,47.315,47.255,0.0001,0
12.09.2016 03:06:22.554,47.31,47.25,0.0001,0
12.09.2016 03:06:24.457,47.315,47.255,0.0001,0
12.09.2016 03:06:24.918,47.325,47.265,0.0001,0
12.09.2016 03:06:27.362,47.32,47.26,0.0001,0
12.09.2016 03:06:38.602,47.31,47.25,0.0001,0
12.09.2016 03:08:08.542,47.305,47.245,0.0001,0
12.09.2016 03:08:20.507,47.31,47.25,0.0001,0
12.09.2016 03:08:26.411,47.305,47.245,0.0001,0
12.09.2016 03:08:37.328,47.300000000000004,47.24,0.0001,0
12.09.2016 03:09:18.083,47.315,47.255,0.0001,0
12.09.2016 03:10:17.559,47.31,47.25,0.0001,0
12.09.2016 03:10:19.086,47.315,47.255,0.0001,0
12.09.2016 03:10:30.173,47.32,47.26,0.0001,0
12.09.2016 03:10:46.394,47.325,47.265,0.0001,0
12.09.2016 03:11:04.011,47.32,47.26,0.0001,0
12.09.2016 03:13:26.288,47.335,47.275,0.0001,0
12.09.2016 03:13:33.600,47.315,47.255,0.0001,0
12.09.2016 03:13:54.926,47.32,47.26,0.0001,0
12.09.2016 03:14:06.038,47.33,47.27,0.0001,0
12.09.2016 03:14:18.164,47.34,47.28,0.0001,0
12.09.2016 03:14:27.080,47.33,47.27,0.0001,0
12.09.2016 03:14:47.528,47.335,47.275,0.0001,0
12.09.2016 03:15:00.398,47.33,47.27,0.0001,0
12.09.2016 03:15:09.316,47.335,47.275,0.0001,0
12.09.2016 03:15:11.042,47.34,47.28,0.0001,0
12.09.2016 03:15:20.861,47.335,47.275,0.0001,0
12.09.2016 03:15:28.438,47.33,47.27,0.0001,0
12.09.2016 03:15:28.839,47.335,47.275,0.0001,0
12.09.2016 03:15:31.656,47.33,47.27,0.0001,0
12.09.2016 03:15:47.261,47.34,47.28,0.0001,0
12.09.2016 03:16:15.194,47.335,47.275,0.0001,0
12.09.2016 03:16:33.321,47.33,47.27,0.0001,0
12.09.2016 03:16:53.059,47.325,47.265,0.0001,0
12.09.2016 03:16:54.262,47.315,47.255,0.0001,0
12.09.2016 03:16:54.733,47.31,47.25,0.0001,0
12.09.2016 03:16:55.065,47.315,47.255,0.0001,0
12.09.2016 03:17:02.485,47.31,47.25,0.0001,0
12.09.2016 03:17:04.213,47.315,47.255,0.0001,0
12.09.2016 03:17:06.594,47.335,47.275,0.0001,0
12.09.2016 03:17:07.821,47.33,47.27,0.0001,0
12.09.2016 03:17:57.090,47.32,47.26,0.0001,0
12.09.2016 03:18:56.100,47.31,47.25,0.0001,0
12.09.2016 03:19:00.406,47.315,47.255,0.0001,0
12.09.2016 03:19:09.821,47.325,47.265,0.0001,0
12.09.2016 03:19:16.028,47.32,47.26,0.0001,0
12.09.2016 03:20:03.892,47.315,47.255,0.0001,0
12.09.2016 03:20:26.428,47.32,47.26,0.0001,0
12.09.2016 03:21:06.892,47.335,47.275,0.0001,0
12.09.2016 03:21:11.246,47.345,47.285000000000004,0.0001,0
12.09.2016 03:21:11.800,47.32,47.26,0.0001,0
12.09.2016 03:21:13.503,47.315,47.255,0.0001,0
12.09.2016 03:21:16.407,47.32,47.26,0.0001,0
12.09.2016 03:21:44.477,47.315,47.255,0.0001,0
12.09.2016 03:21:59.397,47.31,47.25,0.0001,0
12.09.2016 03:22:02.402,47.300000000000004,47.24,0.0001,0
12.09.2016 03:22:10.915,47.305,47.245,0.0001,0
12.09.2016 03:22:30.942,47.31,47.25,0.0001,0
12.09.2016 03:22:50.366,47.315,47.255,0.0001,0
12.09.2016 03:22:59.686,47.32,47.26,0.0001,0
12.09.2016 03:23:10.944,47.325,47.265,0.0001,0
12.09.2016 03:23:15.805,47.32,47.26,0.0001,0
12.09.2016 03:23:19.111,47.33,47.27,0.0001,0
12.09.2016 03:23:20.513,47.325,47.265,0.0001,0
12.09.2016 03:23:32.157,47.32,47.26,0.0001,0
12.09.2016 03:24:14.092,47.325,47.265,0.0001,0
12.09.2016 03:24:26.959,47.32,47.26,0.0001,0
12.09.2016 03:24:58.057,47.325,47.265,0.0001,0
12.09.2016 03:25:01.162,47.32,47.26,0.0001,0
12.09.2016 03:25:03.569,47.33,47.27,0.0001,0
12.09.2016 03:25:08.192,47.325,47.265,0.0001,0
12.09.2016 03:25:22.801,47.32,47.26,0.0001,0
12.09.2016 03:25:34.083,47.325,47.265,0.0001,0
12.09.2016 03:25:45.531,47.32,47.26,0.0001,0
12.09.2016 03:25:54.365,47.33,47.27,0.0001,0
12.09.2016 03:26:00.373,47.325,47.265,0.0001,0
12.09.2016 03:26:06.281,47.33,47.27,0.0001,0
12.09.2016 03:26:06.722,47.335,47.275,0.0001,0
12.09.2016 03:26:22.305,47.34,47.28,0.0001,0
12.09.2016 03:26:28.518,47.345,47.285000000000004,0.0001,0
12.09.2016 03:26:32.777,47.34,47.28,0.0001,0
12.09.2016 03:26:54.879,47.335,47.275,0.0001,0
12.09.2016 03:27:05.470,47.34,47.28,0.0001,0
12.09.2016 03:27:54.228,47.335,47.275,0.0001,0
12.09.2016 03:28:10.552,47.33,47.27,0.0001,0
12.09.2016 03:28:19.870,47.325,47.265,0.0001,0
12.09.2016 03:28:20.272,47.335,47.275,0.0001,0
12.09.2016 03:28:32.790,47.33,47.27,0.0001,0
12.09.2016 03:29:07.941,47.34,47.28,0.0001,0
12.09.2016 03:29:08.844,47.345,47.285000000000004,0.0001,0
12.09.2016 03:29:21.872,47.34,47.28,0.0001,0
12.09.2016 03:31:15.127,47.335,47.275,0.0001,0
12.09.2016 03:31:15.628,47.34,47.28,0.0001,0
12.09.2016 03:31:47.768,47.33,47.27,0.0001,0
12.09.2016 03:32:09.724,47.335,47.275,0.0001,0
12.09.2016 03:32:22.150,47.33,47.27,0.0001,0
12.09.2016 03:32:34.636,47.34,47.28,0.0001,0
12.09.2016 03:32:36.239,47.335,47.275,0.0001,0
12.09.2016 03:32:47.657,47.34,47.28,0.0001,0
12.09.2016 03:33:24.624,47.335,47.275,0.0001,0
12.09.2016 03:33:45.143,47.33,47.27,0.0001,0
12.09.2016 03:34:40.501,47.345,47.285000000000004,0.0001,0
12.09.2016 03:35:01.127,47.34,47.28,0.0001,0
12.09.2016 03:35:01.720,47.335,47.275,0.0001,0
12.09.2016 03:35:17.650,47.33,47.27,0.0001,0
12.09.2016 03:35:37.475,47.325,47.265,0.0001,0
12.09.2016 03:35:48.294,47.32,47.26,0.0001,0
12.09.2016 03:35:48.906,47.315,47.255,0.0001,0
12.09.2016 03:36:03.231,47.31,47.25,0.0001,0
12.09.2016 03:36:04.833,47.305,47.245,0.0001,0
12.09.2016 03:36:17.246,47.31,47.25,0.0001,0
12.09.2016 03:36:36.031,47.315,47.255,0.0001,0
12.09.2016 03:36:59.095,47.32,47.26,0.0001,0
12.09.2016 03:37:14.612,47.325,47.265,0.0001,0
12.09.2016 03:37:23.122,47.31,47.25,0.0001,0
12.09.2016 03:37:34.098,47.305,47.245,0.0001,0
12.09.2016 03:37:46.162,47.300000000000004,47.24,0.0001,0
12.09.2016 03:38:03.390,47.295,47.235,0.0001,0
12.09.2016 03:38:35.735,47.29,47.230000000000004,0.0001,0
12.09.2016 03:38:36.037,47.295,47.235,0.0001,0
12.09.2016 03:39:40.941,47.29,47.230000000000004,0.0001,0
12.09.2016 03:39:55.834,47.285000000000004,47.225,0.0001,0
12.09.2016 03:41:40.155,47.275,47.215,0.0001,0
12.09.2016 03:41:48.764,47.28,47.22,0.0001,0
12.09.2016 03:41:54.371,47.275,47.215,0.0001,0
12.09.2016 03:42:32.354,47.265,47.205,0.0001,0
12.09.2016 03:42:39.422,47.26,47.2,0.0001,0
12.09.2016 03:42:45.089,47.275,47.215,0.0001,0
12.09.2016 03:42:56.873,47.265,47.205,0.0001,0
12.09.2016 03:44:34.549,47.265,47.205,0.0001,0
12.09.2016 03:45:29.376,47.27,47.21,0.0001,0
12.09.2016 03:45:31.362,47.265,47.205,0.0001,0
12.09.2016 03:46:37.152,47.27,47.21,0.0001,0
12.09.2016 03:46:45.665,47.265,47.205,0.0001,0
12.09.2016 03:46:56.079,47.255,47.195,0.0001,0
12.09.2016 03:47:31.253,47.26,47.2,0.0001,0
12.09.2016 03:47:31.597,47.255,47.195,0.0001,0
12.09.2016 03:47:32.325,47.26,47.2,0.0001,0
12.09.2016 03:47:36.230,47.255,47.195,0.0001,0
12.09.2016 03:47:43.739,47.26,47.2,0.0001,0
12.09.2016 03:47:44.073,47.265,47.205,0.0001,0
12.09.2016 03:47:45.742,47.26,47.2,0.0001,0
12.09.2016 03:47:46.295,47.255,47.195,0.0001,0
12.09.2016 03:47:47.044,47.26,47.2,0.0001,0
12.09.2016 03:47:47.614,47.255,47.195,0.0001,0
12.09.2016 03:47:55.853,47.26,47.2,0.0001,0
12.09.2016 03:48:05.962,47.255,47.195,0.0001,0
12.09.2016 03:48:07.164,47.26,47.2,0.0001,0
12.09.2016 03:48:24.182,47.245,47.185,0.0001,0
12.09.2016 03:48:24.836,47.25,47.19,0.0001,0
12.09.2016 03:48:32.194,47.255,47.195,0.0001,0
12.09.2016 03:49:48.978,47.26,47.2,0.0001,0
12.09.2016 03:49:49.425,47.265,47.205,0.0001,0
12.09.2016 03:49:50.980,47.255,47.195,0.0001,0
12.09.2016 03:49:55.086,47.26,47.2,0.0001,0
12.09.2016 03:49:55.886,47.255,47.195,0.0001,0
12.09.2016 03:49:56.358,47.26,47.2,0.0001,0
12.09.2016 03:50:16.107,47.255,47.195,0.0001,0
12.09.2016 03:50:40.054,47.26,47.2,0.0001,0
12.09.2016 03:50:42.949,47.255,47.195,0.0001,0
12.09.2016 03:51:05.175,47.26,47.2,0.0001,0
12.09.2016 03:51:10.509,47.265,47.205,0.0001,0
12.09.2016 03:51:17.497,47.26,47.2,0.0001,0
12.09.2016 03:51:23.007,47.255,47.195,0.0001,0
12.09.2016 03:51:33.254,47.26,47.2,0.0001,0
12.09.2016 03:51:33.603,47.265,47.205,0.0001,0
12.09.2016 03:51:34.411,47.26,47.2,0.0001,0
12.09.2016 03:51:47.022,47.255,47.195,0.0001,0
12.09.2016 03:53:15.216,47.26,47.2,0.0001,0
12.09.2016 03:53:18.420,47.255,47.195,0.0001,0
12.09.2016 03:53:28.832,47.26,47.2,0.0001,0
12.09.2016 03:54:14.790,47.265,47.205,0.0001,0
12.09.2016 03:54:40.831,47.26,47.2,0.0001,0
12.09.2016 03:55:09.055,47.265,47.205,0.0001,0
12.09.2016 03:55:43.892,47.27,47.21,0.0001,0
12.09.2016 03:56:31.168,47.265,47.205,0.0001,0
12.09.2016 03:56:37.775,47.28,47.22,0.0001,0
12.09.2016 03:57:25.030,47.275,47.215,0.0001,0
12.09.2016 03:57:44.953,47.28,47.22,0.0001,0
12.09.2016 03:57:45.276,47.275,47.215,0.0001,0
12.09.2016 03:58:05.677,47.28,47.22,0.0001,0
12.09.2016 03:58:16.506,47.275,47.215,0.0001,0
12.09.2016 03:58:59.641,47.27,47.21,0.0001,0
12.09.2016 03:59:47.910,47.275,47.215,0.0001,0
12.09.2016 03:59:59.078,47.28,47.22,0.0001,0
12.09.2016 04:00:01.636,47.275,47.215,0.0001,0
12.09.2016 04:00:14.956,47.265,47.205,0.0001,0
12.09.2016 04:02:21.483,47.26,47.2,0.0001,0
12.09.2016 04:02:52.279,47.265,47.205,0.0001,0
12.09.2016 04:03:03.895,47.27,47.21,0.0001,0
12.09.2016 04:03:05.196,47.275,47.215,0.0001,0
12.09.2016 04:03:28.040,47.27,47.21,0.0001,0
12.09.2016 04:03:47.861,47.275,47.215,0.0001,0
12.09.2016 04:03:53.967,47.285000000000004,47.225,0.0001,0
12.09.2016 04:03:59.119,47.28,47.22,0.0001,0
12.09.2016 04:04:12.986,47.275,47.215,0.0001,0
12.09.2016 04:04:23.746,47.28,47.22,0.0001,0
12.09.2016 04:04:33.810,47.275,47.215,0.0001,0
12.09.2016 04:06:36.183,47.28,47.22,0.0001,0
12.09.2016 04:06:38.687,47.275,47.215,0.0001,0
12.09.2016 04:07:04.720,47.28,47.22,0.0001,0
12.09.2016 04:07:30.751,47.285000000000004,47.225,0.0001,0
12.09.2016 04:07:59.979,47.28,47.22,0.0001,0
12.09.2016 04:08:30.725,47.285000000000004,47.225,0.0001,0
12.09.2016 04:08:42.238,47.29,47.230000000000004,0.0001,0
12.09.2016 04:09:05.461,47.285000000000004,47.225,0.0001,0
12.09.2016 04:09:09.266,47.29,47.230000000000004,0.0001,0
12.09.2016 04:09:19.378,47.285000000000004,47.225,0.0001,0
12.09.2016 04:11:48.460,47.295,47.235,0.0001,0
12.09.2016 04:11:49.195,47.31,47.25,0.0001,0
12.09.2016 04:11:49.527,47.315,47.255,0.0001,0
12.09.2016 04:12:19.893,47.31,47.25,0.0001,0
12.09.2016 04:12:30.603,47.315,47.255,0.0001,0
12.09.2016 04:12:37.710,47.31,47.25,0.0001,0
12.09.2016 04:12:38.721,47.32,47.26,0.0001,0
12.09.2016 04:12:39.412,47.315,47.255,0.0001,0
12.09.2016 04:12:46.620,47.31,47.25,0.0001,0
12.09.2016 04:12:55.128,47.315,47.255,0.0001,0
12.09.2016 04:12:57.102,47.31,47.25,0.0001,0
12.09.2016 04:13:08.867,47.305,47.245,0.0001,0
12.09.2016 04:13:21.566,47.31,47.25,0.0001,0
12.09.2016 04:13:34.380,47.305,47.245,0.0001,0
12.09.2016 04:13:48.695,47.31,47.25,0.0001,0
12.09.2016 04:14:03.312,47.305,47.245,0.0001,0
12.09.2016 04:14:05.514,47.315,47.255,0.0001,0
12.09.2016 04:14:06.816,47.305,47.245,0.0001,0
12.09.2016 04:14:23.047,47.31,47.25,0.0001,0
12.09.2016 04:14:25.851,47.305,47.245,0.0001,0
12.09.2016 04:14:58.824,47.315,47.255,0.0001,0
12.09.2016 04:15:18.217,47.31,47.25,0.0001,0
12.09.2016 04:15:43.748,47.325,47.265,0.0001,0
12.09.2016 04:17:20.566,47.32,47.26,0.0001,0
12.09.2016 04:17:41.192,47.315,47.255,0.0001,0
12.09.2016 04:18:12.129,47.300000000000004,47.24,0.0001,0
12.09.2016 04:18:21.338,47.295,47.235,0.0001,0
12.09.2016 04:18:21.902,47.29,47.230000000000004,0.0001,0
12.09.2016 04:18:31.858,47.295,47.235,0.0001,0
12.09.2016 04:18:33.050,47.29,47.230000000000004,0.0001,0
12.09.2016 04:18:33.512,47.305,47.245,0.0001,0
12.09.2016 04:19:18.806,47.31,47.25,0.0001,0
12.09.2016 04:19:29.821,47.305,47.245,0.0001,0
12.09.2016 04:19:30.322,47.315,47.255,0.0001,0
12.09.2016 04:20:06.772,47.31,47.25,0.0001,0
12.09.2016 04:20:19.085,47.315,47.255,0.0001,0
12.09.2016 04:20:30.841,47.305,47.245,0.0001,0
12.09.2016 04:21:08.645,47.315,47.255,0.0001,0
12.09.2016 04:21:24.864,47.32,47.26,0.0001,0
12.09.2016 04:21:25.280,47.315,47.255,0.0001,0
12.09.2016 04:21:38.381,47.31,47.25,0.0001,0
12.09.2016 04:21:52.197,47.305,47.245,0.0001,0
12.09.2016 04:22:35.050,47.31,47.25,0.0001,0
12.09.2016 04:23:03.467,47.315,47.255,0.0001,0
12.09.2016 04:23:05.085,47.31,47.25,0.0001,0
12.09.2016 04:23:10.090,47.315,47.255,0.0001,0
12.09.2016 04:23:23.303,47.305,47.245,0.0001,0
12.09.2016 04:26:15.322,47.315,47.255,0.0001,0
12.09.2016 04:26:34.006,47.31,47.25,0.0001,0
12.09.2016 04:26:46.954,47.315,47.255,0.0001,0
12.09.2016 04:26:54.531,47.32,47.26,0.0001,0
12.09.2016 04:27:05.067,47.315,47.255,0.0001,0
12.09.2016 04:27:15.095,47.32,47.26,0.0001,0
12.09.2016 04:27:18.962,47.325,47.265,0.0001,0
12.09.2016 04:27:30.866,47.32,47.26,0.0001,0
12.09.2016 04:27:31.705,47.315,47.255,0.0001,0
12.09.2016 04:27:39.574,47.32,47.26,0.0001,0
12.09.2016 04:27:47.183,47.325,47.265,0.0001,0
12.09.2016 04:27:53.213,47.33,47.27,0.0001,0
12.09.2016 04:27:57.094,47.325,47.265,0.0001,0
12.09.2016 04:28:11.080,47.33,47.27,0.0001,0
12.09.2016 04:28:30.001,47.335,47.275,0.0001,0
12.09.2016 04:28:43.614,47.325,47.265,0.0001,0
12.09.2016 04:28:45.417,47.33,47.27,0.0001,0
12.09.2016 04:28:48.359,47.325,47.265,0.0001,0
12.09.2016 04:29:03.541,47.315,47.255,0.0001,0
12.09.2016 04:30:11.364,47.325,47.265,0.0001,0
12.09.2016 04:31:53.223,47.31,47.25,0.0001,0
12.09.2016 04:32:02.840,47.315,47.255,0.0001,0
12.09.2016 04:32:03.943,47.32,47.26,0.0001,0
12.09.2016 04:32:35.217,47.325,47.265,0.0001,0
12.09.2016 04:33:32.925,47.335,47.275,0.0001,0
12.09.2016 04:33:42.937,47.33,47.27,0.0001,0
12.09.2016 04:33:43.338,47.335,47.275,0.0001,0
12.09.2016 04:33:44.671,47.33,47.27,0.0001,0
12.09.2016 04:33:45.232,47.325,47.265,0.0001,0
12.09.2016 04:33:59.160,47.32,47.26,0.0001,0
12.09.2016 04:34:00.061,47.315,47.255,0.0001,0
12.09.2016 04:34:26.988,47.325,47.265,0.0001,0
12.09.2016 04:34:31.191,47.32,47.26,0.0001,0
12.09.2016 04:34:38.600,47.325,47.265,0.0001,0
12.09.2016 04:34:39.819,47.32,47.26,0.0001,0
12.09.2016 04:35:07.829,47.315,47.255,0.0001,0
12.09.2016 04:35:11.834,47.32,47.26,0.0001,0
12.09.2016 04:35:14.736,47.325,47.265,0.0001,0
12.09.2016 04:35:25.287,47.32,47.26,0.0001,0
12.09.2016 04:35:25.856,47.315,47.255,0.0001,0
12.09.2016 04:35:36.156,47.32,47.26,0.0001,0
12.09.2016 04:35:59.883,47.315,47.255,0.0001,0
12.09.2016 04:36:14.205,47.32,47.26,0.0001,0
12.09.2016 04:36:19.210,47.315,47.255,0.0001,0
12.09.2016 04:36:25.416,47.325,47.265,0.0001,0
12.09.2016 04:36:36.830,47.33,47.27,0.0001,0
12.09.2016 04:37:27.282,47.335,47.275,0.0001,0
12.09.2016 04:37:53.422,47.325,47.265,0.0001,0
12.09.2016 04:37:57.814,47.32,47.26,0.0001,0
12.09.2016 04:38:13.636,47.325,47.265,0.0001,0
12.09.2016 04:38:30.268,47.33,47.27,0.0001,0
12.09.2016 04:38:33.957,47.315,47.255,0.0001,0
12.09.2016 04:38:40.063,47.32,47.26,0.0001,0
12.09.2016 04:39:11.203,47.315,47.255,0.0001,0
12.09.2016 04:39:11.694,47.32,47.26,0.0001,0
12.09.2016 04:39:51.530,47.33,47.27,0.0001,0
12.09.2016 04:40:58.394,47.31,47.25,0.0001,0
12.09.2016 04:41:12.910,47.315,47.255,0.0001,0
12.09.2016 04:41:33.566,47.31,47.25,0.0001,0
12.09.2016 04:41:35.227,47.315,47.255,0.0001,0
12.09.2016 04:41:48.179,47.32,47.26,0.0001,0
12.09.2016 04:42:37.002,47.325,47.265,0.0001,0
12.09.2016 04:42:51.416,47.32,47.26,0.0001,0
12.09.2016 04:42:55.934,47.315,47.255,0.0001,0
12.09.2016 04:43:20.344,47.31,47.25,0.0001,0
12.09.2016 04:43:36.358,47.315,47.255,0.0001,0
12.09.2016 04:43:37.006,47.32,47.26,0.0001,0
12.09.2016 04:43:41.681,47.325,47.265,0.0001,0
12.09.2016 04:43:42.292,47.32,47.26,0.0001,0
12.09.2016 04:43:48.070,47.315,47.255,0.0001,0
12.09.2016 04:43:48.415,47.31,47.25,0.0001,0
12.09.2016 04:43:49.372,47.315,47.255,0.0001,0
12.09.2016 04:43:55.322,47.31,47.25,0.0001,0
12.09.2016 04:44:08.190,47.32,47.26,0.0001,0
12.09.2016 04:44:48.833,47.315,47.255,0.0001,0
12.09.2016 04:45:16.568,47.31,47.25,0.0001,0
12.09.2016 04:46:02.723,47.315,47.255,0.0001,0
12.09.2016 04:46:23.847,47.31,47.25,0.0001,0
12.09.2016 04:46:31.084,47.315,47.255,0.0001,0
12.09.2016 04:46:45.892,47.31,47.25,0.0001,0
12.09.2016 04:46:55.527,47.315,47.255,0.0001,0
12.09.2016 04:47:00.508,47.31,47.25,0.0001,0
12.09.2016 04:47:09.816,47.315,47.255,0.0001,0
12.09.2016 04:47:11.150,47.31,47.25,0.0001,0
12.09.2016 04:47:24.530,47.305,47.245,0.0001,0
12.09.2016 04:50:24.861,47.315,47.255,0.0001,0
12.09.2016 04:54:12.648,47.31,47.25,0.0001,0
12.09.2016 04:54:23.104,47.305,47.245,0.0001,0
12.09.2016 04:57:42.077,47.31,47.25,0.0001,0
12.09.2016 04:58:02.900,47.325,47.265,0.0001,0
12.09.2016 04:58:20.620,47.33,47.27,0.0001,0
12.09.2016 04:58:45.854,47.32,47.26,0.0001,0
12.09.2016 04:59:29.558,47.315,47.255,0.0001,0
12.09.2016 04:59:37.329,47.305,47.245,0.0001,0
12.09.2016 04:59:37.792,47.315,47.255,0.0001,0
12.09.2016 04:59:38.203,47.31,47.25,0.0001,0
12.09.2016 05:00:01.225,47.315,47.255,0.0001,0
12.09.2016 05:00:02.590,47.31,47.25,0.0001,0
12.09.2016 05:00:03.030,47.315,47.255,0.0001,0
12.09.2016 05:00:14.242,47.32,47.26,0.0001,0
12.09.2016 05:01:11.382,47.31,47.25,0.0001,0
12.09.2016 05:01:23.112,47.305,47.245,0.0001,0
12.09.2016 05:01:24.113,47.31,47.25,0.0001,0
12.09.2016 05:01:33.424,47.305,47.245,0.0001,0
12.09.2016 05:02:28.673,47.31,47.25,0.0001,0
12.09.2016 05:02:46.188,47.315,47.255,0.0001,0
12.09.2016 05:02:47.189,47.31,47.25,0.0001,0
12.09.2016 05:02:58.801,47.315,47.255,0.0001,0
12.09.2016 05:04:06.488,47.305,47.245,0.0001,0
12.09.2016 05:04:32.219,47.31,47.25,0.0001,0
12.09.2016 05:05:01.244,47.315,47.255,0.0001,0
12.09.2016 05:05:12.355,47.31,47.25,0.0001,0
12.09.2016 05:05:45.398,47.315,47.255,0.0001,0
12.09.2016 05:06:24.328,47.305,47.245,0.0001,0
12.09.2016 05:06:24.763,47.315,47.255,0.0001,0
12.09.2016 05:06:29.462,47.32,47.26,0.0001,0
12.09.2016 05:06:29.818,47.315,47.255,0.0001,0
12.09.2016 05:06:34.039,47.31,47.25,0.0001,0
12.09.2016 05:07:10.184,47.32,47.26,0.0001,0
12.09.2016 05:08:29.165,47.325,47.265,0.0001,0
12.09.2016 05:09:08.389,47.33,47.27,0.0001,0
12.09.2016 05:10:43.093,47.335,47.275,0.0001,0
12.09.2016 05:13:56.282,47.335,47.275,0.0001,0
12.09.2016 05:14:11.909,47.33,47.27,0.0001,0
12.09.2016 05:14:23.407,47.325,47.265,0.0001,0
12.09.2016 05:14:50.242,47.33,47.27,0.0001,0
12.09.2016 05:14:50.742,47.34,47.28,0.0001,0
12.09.2016 05:15:17.974,47.335,47.275,0.0001,0
12.09.2016 05:15:41.796,47.34,47.28,0.0001,0
12.09.2016 05:15:42.297,47.35,47.29,0.0001,0
12.09.2016 05:15:47.302,47.355000000000004,47.295,0.0001,0
12.09.2016 05:15:58.115,47.37,47.31,0.0001,0
12.09.2016 05:16:01.317,47.365,47.305,0.0001,0
12.09.2016 05:16:06.353,47.36,47.300000000000004,0.0001,0
12.09.2016 05:16:14.141,47.37,47.31,0.0001,0
12.09.2016 05:16:14.554,47.365,47.305,0.0001,0
12.09.2016 05:16:16.343,47.375,47.315,0.0001,0
12.09.2016 05:16:16.952,47.37,47.31,0.0001,0
12.09.2016 05:16:17.351,47.375,47.315,0.0001,0
12.09.2016 05:16:39.565,47.38,47.32,0.0001,0
12.09.2016 05:16:55.183,47.37,47.31,0.0001,0
12.09.2016 05:17:07.489,47.365,47.305,0.0001,0
12.09.2016 05:17:10.091,47.375,47.315,0.0001,0
12.09.2016 05:17:12.794,47.37,47.31,0.0001,0
12.09.2016 05:17:25.205,47.38,47.32,0.0001,0
12.09.2016 05:17:27.373,47.385,47.325,0.0001,0
12.09.2016 05:17:31.811,47.395,47.335,0.0001,0
12.09.2016 05:17:50.028,47.385,47.325,0.0001,0
12.09.2016 05:17:51.192,47.37,47.31,0.0001,0
12.09.2016 05:18:04.544,47.365,47.305,0.0001,0
12.09.2016 05:18:09.756,47.37,47.31,0.0001,0
12.09.2016 05:18:25.309,47.375,47.315,0.0001,0
12.09.2016 05:19:02.721,47.37,47.31,0.0001,0
12.09.2016 05:19:28.125,47.375,47.315,0.0001,0
12.09.2016 05:20:06.362,47.385,47.325,0.0001,0
12.09.2016 05:20:23.778,47.38,47.32,0.0001,0
12.09.2016 05:20:55.836,47.375,47.315,0.0001,0
12.09.2016 05:21:54.572,47.38,47.32,0.0001,0
12.09.2016 05:22:03.716,47.375,47.315,0.0001,0
12.09.2016 05:22:14.687,47.365,47.305,0.0001,0
12.09.2016 05:22:16.789,47.355000000000004,47.295,0.0001,0
12.09.2016 05:22:19.591,47.36,47.300000000000004,0.0001,0
12.09.2016 05:22:47.616,47.365,47.305,0.0001,0
12.09.2016 05:23:04.934,47.36,47.300000000000004,0.0001,0
12.09.2016 05:23:05.458,47.365,47.305,0.0001,0
12.09.2016 05:23:20.975,47.36,47.300000000000004,0.0001,0
12.09.2016 05:23:29.961,47.365,47.305,0.0001,0
12.09.2016 05:23:37.568,47.385,47.325,0.0001,0
12.09.2016 05:23:37.968,47.39,47.33,0.0001,0
12.09.2016 05:23:57.986,47.385,47.325,0.0001,0
12.09.2016 05:24:06.593,47.38,47.32,0.0001,0
12.09.2016 05:24:08.496,47.385,47.325,0.0001,0
12.09.2016 05:24:10.698,47.39,47.33,0.0001,0
12.09.2016 05:24:23.910,47.385,47.325,0.0001,0
12.09.2016 05:24:40.549,47.375,47.315,0.0001,0
12.09.2016 05:24:47.132,47.38,47.32,0.0001,0
12.09.2016 05:24:47.465,47.375,47.315,0.0001,0
12.09.2016 05:25:00.365,47.38,47.32,0.0001,0
12.09.2016 05:25:36.601,47.39,47.33,0.0001,0
12.09.2016 05:25:43.343,47.385,47.325,0.0001,0
12.09.2016 05:25:51.417,47.39,47.33,0.0001,0
12.09.2016 05:25:52.719,47.385,47.325,0.0001,0
12.09.2016 05:25:59.592,47.375,47.315,0.0001,0
12.09.2016 05:26:05.231,47.385,47.325,0.0001,0
12.09.2016 05:26:10.635,47.395,47.335,0.0001,0
12.09.2016 05:26:27.941,47.385,47.325,0.0001,0
12.09.2016 05:26:29.432,47.39,47.33,0.0001,0
12.09.2016 05:26:40.967,47.385,47.325,0.0001,0
12.09.2016 05:26:43.269,47.39,47.33,0.0001,0
12.09.2016 05:26:53.478,47.385,47.325,0.0001,0
12.09.2016 05:26:54.779,47.38,47.32,0.0001,0
12.09.2016 05:27:07.389,47.39,47.33,0.0001,0
12.09.2016 05:27:33.612,47.395,47.335,0.0001,0
12.09.2016 05:27:39.908,47.39,47.33,0.0001,0
12.09.2016 05:28:12.512,47.385,47.325,0.0001,0
12.09.2016 05:28:24.885,47.39,47.33,0.0001,0
12.09.2016 05:28:41.638,47.395,47.335,0.0001,0
12.09.2016 05:29:37.591,47.39,47.33,0.0001,0
12.09.2016 05:30:12.724,47.385,47.325,0.0001,0
12.09.2016 05:31:01.614,47.375,47.315,0.0001,0
12.09.2016 05:31:13.405,47.38,47.32,0.0001,0
12.09.2016 05:32:16.036,47.375,47.315,0.0001,0
12.09.2016 05:32:29.983,47.38,47.32,0.0001,0
12.09.2016 05:32:38.599,47.395,47.335,0.0001,0
12.09.2016 05:32:39.107,47.405,47.345,0.0001,0
12.09.2016 05:32:48.566,47.415,47.355000000000004,0.0001,0
12.09.2016 05:32:51.069,47.410000000000004,47.35,0.0001,0
12.09.2016 05:33:02.080,47.405,47.345,0.0001,0
12.09.2016 05:33:02.481,47.410000000000004,47.35,0.0001,0
12.09.2016 05:33:10.643,47.425000000000004,47.365,0.0001,0
12.09.2016 05:33:20.503,47.435,47.375,0.0001,0
12.09.2016 05:33:21.705,47.43,47.37,0.0001,0
12.09.2016 05:33:23.608,47.435,47.375,0.0001,0
12.09.2016 05:33:30.723,47.43,47.37,0.0001,0
12.09.2016 05:33:32.725,47.435,47.375,0.0001,0
12.09.2016 05:33:36.028,47.43,47.37,0.0001,0
12.09.2016 05:33:37.430,47.425000000000004,47.365,0.0001,0
12.09.2016 05:33:44.556,47.43,47.37,0.0001,0
12.09.2016 05:33:48.440,47.425000000000004,47.365,0.0001,0
12.09.2016 05:33:48.797,47.435,47.375,0.0001,0
12.09.2016 05:34:03.554,47.44,47.38,0.0001,0
12.09.2016 05:34:04.082,47.435,47.375,0.0001,0
12.09.2016 05:34:04.556,47.43,47.37,0.0001,0
12.09.2016 05:34:15.666,47.44,47.38,0.0001,0
12.09.2016 05:34:23.574,47.445,47.385,0.0001,0
12.09.2016 05:34:35.082,47.44,47.38,0.0001,0
12.09.2016 05:34:51.697,47.445,47.385,0.0001,0
12.09.2016 05:34:52.168,47.43,47.37,0.0001,0
12.09.2016 05:35:14.319,47.435,47.375,0.0001,0
12.09.2016 05:35:38.356,47.43,47.37,0.0001,0
12.09.2016 05:35:45.862,47.425000000000004,47.365,0.0001,0
12.09.2016 05:36:14.543,47.435,47.375,0.0001,0
12.09.2016 05:36:25.397,47.425000000000004,47.365,0.0001,0
12.09.2016 05:36:25.878,47.435,47.375,0.0001,0
12.09.2016 05:36:32.004,47.43,47.37,0.0001,0
12.09.2016 05:36:52.421,47.435,47.375,0.0001,0
12.09.2016 05:37:03.633,47.43,47.37,0.0001,0
12.09.2016 05:37:05.475,47.425000000000004,47.365,0.0001,0
12.09.2016 05:38:19.625,47.43,47.37,0.0001,0
12.09.2016 05:38:26.628,47.435,47.375,0.0001,0
12.09.2016 05:38:30.533,47.43,47.37,0.0001,0
12.09.2016 05:38:41.752,47.435,47.375,0.0001,0
12.09.2016 05:39:40.228,47.43,47.37,0.0001,0
12.09.2016 05:39:44.105,47.425000000000004,47.365,0.0001,0
12.09.2016 05:39:54.644,47.42,47.36,0.0001,0
12.09.2016 05:40:16.870,47.415,47.355000000000004,0.0001,0
12.09.2016 05:40:19.739,47.410000000000004,47.35,0.0001,0
12.09.2016 05:40:23.142,47.415,47.355000000000004,0.0001,0
12.09.2016 05:40:48.274,47.42,47.36,0.0001,0
12.09.2016 05:40:58.392,47.415,47.355000000000004,0.0001,0
12.09.2016 05:41:02.189,47.425000000000004,47.365,0.0001,0
12.09.2016 05:41:03.990,47.42,47.36,0.0001,0
12.09.2016 05:41:31.437,47.405,47.345,0.0001,0
12.09.2016 05:41:40.228,47.410000000000004,47.35,0.0001,0
12.09.2016 05:41:44.347,47.405,47.345,0.0001,0
12.09.2016 05:41:44.971,47.410000000000004,47.35,0.0001,0
12.09.2016 05:41:57.544,47.39,47.33,0.0001,0
12.09.2016 05:42:11.974,47.385,47.325,0.0001,0
12.09.2016 05:42:12.305,47.38,47.32,0.0001,0
12.09.2016 05:42:20.707,47.385,47.325,0.0001,0
12.09.2016 05:42:21.141,47.38,47.32,0.0001,0
12.09.2016 05:42:23.405,47.37,47.31,0.0001,0
12.09.2016 05:42:23.886,47.375,47.315,0.0001,0
12.09.2016 05:42:53.314,47.365,47.305,0.0001,0
12.09.2016 05:43:45.504,47.37,47.31,0.0001,0
12.09.2016 05:43:45.810,47.375,47.315,0.0001,0
12.09.2016 05:43:46.495,47.38,47.32,0.0001,0
12.09.2016 05:43:47.013,47.385,47.325,0.0001,0
12.09.2016 05:44:03.977,47.39,47.33,0.0001,0
12.09.2016 05:44:04.483,47.395,47.335,0.0001,0
12.09.2016 05:44:17.579,47.39,47.33,0.0001,0
12.09.2016 05:44:28.235,47.395,47.335,0.0001,0
12.09.2016 05:45:02.538,47.39,47.33,0.0001,0
12.09.2016 05:45:17.739,47.395,47.335,0.0001,0
12.09.2016 05:45:32.155,47.39,47.33,0.0001,0
12.09.2016 05:45:49.072,47.385,47.325,0.0001,0
12.09.2016 05:45:58.483,47.375,47.315,0.0001,0
12.09.2016 05:46:04.688,47.365,47.305,0.0001,0
12.09.2016 05:46:21.503,47.355000000000004,47.295,0.0001,0
12.09.2016 05:47:38.668,47.365,47.305,0.0001,0
12.09.2016 05:47:48.977,47.375,47.315,0.0001,0
12.09.2016 05:47:59.586,47.365,47.305,0.0001,0
12.09.2016 05:48:49.328,47.37,47.31,0.0001,0
12.09.2016 05:49:00.258,47.375,47.315,0.0001,0
12.09.2016 05:49:14.653,47.38,47.32,0.0001,0
12.09.2016 05:49:15.250,47.385,47.325,0.0001,0
12.09.2016 05:49:18.156,47.38,47.32,0.0001,0
12.09.2016 05:49:22.159,47.385,47.325,0.0001,0
12.09.2016 05:49:22.627,47.38,47.32,0.0001,0
12.09.2016 05:49:32.167,47.385,47.325,0.0001,0
12.09.2016 05:49:32.768,47.38,47.32,0.0001,0
12.09.2016 05:49:42.777,47.385,47.325,0.0001,0
12.09.2016 05:49:49.682,47.39,47.33,0.0001,0
12.09.2016 05:50:01.290,47.385,47.325,0.0001,0
12.09.2016 05:50:45.141,47.39,47.33,0.0001,0
12.09.2016 05:51:00.759,47.385,47.325,0.0001,0
12.09.2016 05:51:01.158,47.395,47.335,0.0001,0
12.09.2016 05:51:04.164,47.39,47.33,0.0001,0
12.09.2016 05:51:19.317,47.395,47.335,0.0001,0
12.09.2016 05:51:50.008,47.405,47.345,0.0001,0
12.09.2016 05:51:50.510,47.4,47.34,0.0001,0
12.09.2016 05:52:12.933,47.395,47.335,0.0001,0
12.09.2016 05:52:53.270,47.4,47.34,0.0001,0
12.09.2016 05:53:01.297,47.405,47.345,0.0001,0
12.09.2016 05:53:06.908,47.4,47.34,0.0001,0
12.09.2016 05:53:16.195,47.405,47.345,0.0001,0
12.09.2016 05:53:32.816,47.410000000000004,47.35,0.0001,0
12.09.2016 05:53:43.624,47.405,47.345,0.0001,0
12.09.2016 05:54:10.344,47.415,47.355000000000004,0.0001,0
12.09.2016 05:54:33.166,47.425000000000004,47.365,0.0001,0
12.09.2016 05:54:46.386,47.415,47.355000000000004,0.0001,0
12.09.2016 05:55:01.894,47.405,47.345,0.0001,0
12.09.2016 05:59:20.551,47.415,47.355000000000004,0.0001,0
12.09.2016 05:59:23.442,47.4,47.34,0.0001,0
12.09.2016 06:00:01.604,47.39,47.33,0.0001,0
12.09.2016 06:00:03.207,47.385,47.325,0.0001,0
12.09.2016 06:00:16.343,47.39,47.33,0.0001,0
12.09.2016 06:00:31.100,47.405,47.345,0.0001,0
12.09.2016 06:00:36.393,47.410000000000004,47.35,0.0001,0
12.09.2016 06:00:38.795,47.405,47.345,0.0001,0
12.09.2016 06:00:39.396,47.4,47.34,0.0001,0
12.09.2016 06:00:39.948,47.410000000000004,47.35,0.0001,0
12.09.2016 06:00:44.476,47.405,47.345,0.0001,0
12.09.2016 06:00:54.813,47.4,47.34,0.0001,0
12.09.2016 06:01:16.940,47.405,47.345,0.0001,0
12.09.2016 06:01:27.375,47.4,47.34,0.0001,0
12.09.2016 06:02:07.593,47.395,47.335,0.0001,0
12.09.2016 06:02:39.140,47.4,47.34,0.0001,0
12.09.2016 06:02:42.943,47.395,47.335,0.0001,0
12.09.2016 06:02:56.158,47.39,47.33,0.0001,0
12.09.2016 06:02:57.259,47.395,47.335,0.0001,0
12.09.2016 06:03:33.494,47.39,47.33,0.0001,0
12.09.2016 06:04:00.821,47.395,47.335,0.0001,0
12.09.2016 06:04:12.832,47.405,47.345,0.0001,0
12.09.2016 06:05:14.417,47.410000000000004,47.35,0.0001,0
12.09.2016 06:05:17.805,47.415,47.355000000000004,0.0001,0
12.09.2016 06:06:47.826,47.405,47.345,0.0001,0
12.09.2016 06:07:52.892,47.410000000000004,47.35,0.0001,0
12.09.2016 06:09:11.303,47.405,47.345,0.0001,0
12.09.2016 06:09:38.497,47.415,47.335,0.0001,0
12.09.2016 06:09:41.600,47.425000000000004,47.325,0.0001,0
12.09.2016 06:10:00.117,47.4,47.34,0.0001,0
12.09.2016 06:11:42.527,47.410000000000004,47.35,0.0001,0
12.09.2016 06:11:55.540,47.4,47.34,0.0001,0
12.09.2016 06:12:17.359,47.395,47.335,0.0001,0
12.09.2016 06:12:52.493,47.385,47.325,0.0001,0
12.09.2016 06:13:10.211,47.375,47.315,0.0001,0
12.09.2016 06:16:15.111,47.37,47.31,0.0001,0
12.09.2016 06:16:26.229,47.375,47.315,0.0001,0
12.09.2016 06:16:41.261,47.37,47.31,0.0001,0
12.09.2016 06:16:44.651,47.375,47.315,0.0001,0
12.09.2016 06:16:55.767,47.38,47.32,0.0001,0
12.09.2016 06:16:57.891,47.375,47.315,0.0001,0
12.09.2016 06:17:04.326,47.37,47.31,0.0001,0
12.09.2016 06:17:08.393,47.365,47.305,0.0001,0
12.09.2016 06:17:08.781,47.355000000000004,47.295,0.0001,0
12.09.2016 06:17:16.421,47.36,47.300000000000004,0.0001,0
12.09.2016 06:17:17.595,47.355000000000004,47.295,0.0001,0
12.09.2016 06:17:33.406,47.35,47.29,0.0001,0
12.09.2016 06:17:42.204,47.345,47.285000000000004,0.0001,0
12.09.2016 06:17:43.718,47.355000000000004,47.295,0.0001,0
12.09.2016 06:17:50.933,47.365,47.305,0.0001,0
12.09.2016 06:17:56.339,47.36,47.300000000000004,0.0001,0
12.09.2016 06:17:59.145,47.365,47.305,0.0001,0
12.09.2016 06:18:30.773,47.37,47.31,0.0001,0
12.09.2016 06:18:44.397,47.36,47.300000000000004,0.0001,0
12.09.2016 06:19:35.796,47.365,47.305,0.0001,0
12.09.2016 06:19:48.670,47.37,47.31,0.0001,0
12.09.2016 06:20:00.885,47.365,47.305,0.0001,0
12.09.2016 06:20:17.909,47.36,47.300000000000004,0.0001,0
12.09.2016 06:20:19.011,47.35,47.29,0.0001,0
12.09.2016 06:20:23.416,47.345,47.285000000000004,0.0001,0
12.09.2016 06:20:29.022,47.35,47.29,0.0001,0
12.09.2016 06:20:31.129,47.355000000000004,47.295,0.0001,0
12.09.2016 06:20:40.355,47.365,47.305,0.0001,0
12.09.2016 06:20:40.749,47.36,47.300000000000004,0.0001,0
12.09.2016 06:20:52.792,47.355000000000004,47.295,0.0001,0
12.09.2016 06:22:05.220,47.36,47.300000000000004,0.0001,0
12.09.2016 06:22:28.645,47.355000000000004,47.295,0.0001,0
12.09.2016 06:22:53.373,47.365,47.305,0.0001,0
12.09.2016 06:23:02.385,47.37,47.31,0.0001,0
12.09.2016 06:23:04.589,47.365,47.305,0.0001,0
12.09.2016 06:23:15.701,47.37,47.31,0.0001,0
12.09.2016 06:23:16.902,47.365,47.305,0.0001,0
12.09.2016 06:23:28.717,47.36,47.300000000000004,0.0001,0
12.09.2016 06:23:57.075,47.365,47.305,0.0001,0
12.09.2016 06:24:16.773,47.37,47.31,0.0001,0
12.09.2016 06:24:42.302,47.36,47.300000000000004,0.0001,0
12.09.2016 06:27:17.035,47.355000000000004,47.295,0.0001,0
12.09.2016 06:27:27.244,47.36,47.300000000000004,0.0001,0
12.09.2016 06:27:35.954,47.355000000000004,47.295,0.0001,0
12.09.2016 06:27:37.056,47.36,47.300000000000004,0.0001,0
12.09.2016 06:28:01.080,47.355000000000004,47.295,0.0001,0
12.09.2016 06:28:27.907,47.36,47.300000000000004,0.0001,0
12.09.2016 06:28:32.862,47.355000000000004,47.295,0.0001,0
12.09.2016 06:29:03.011,47.36,47.300000000000004,0.0001,0
12.09.2016 06:29:20.377,47.355000000000004,47.295,0.0001,0
12.09.2016 06:29:22.744,47.36,47.300000000000004,0.0001,0
12.09.2016 06:29:33.893,47.355000000000004,47.295,0.0001,0
12.09.2016 06:33:03.221,47.36,47.300000000000004,0.0001,0
12.09.2016 06:33:03.584,47.37,47.31,0.0001,0
12.09.2016 06:33:38.461,47.365,47.305,0.0001,0
12.09.2016 06:33:39.662,47.37,47.31,0.0001,0
12.09.2016 06:33:46.569,47.38,47.32,0.0001,0
12.09.2016 06:33:47.112,47.385,47.325,0.0001,0
12.09.2016 06:33:52.377,47.375,47.315,0.0001,0
12.09.2016 06:34:04.719,47.365,47.305,0.0001,0
12.09.2016 06:34:35.119,47.36,47.300000000000004,0.0001,0
12.09.2016 06:34:40.426,47.365,47.305,0.0001,0
12.09.2016 06:34:49.491,47.36,47.300000000000004,0.0001,0
12.09.2016 06:34:49.837,47.365,47.305,0.0001,0
12.09.2016 06:35:28.684,47.355000000000004,47.295,0.0001,0
12.09.2016 06:36:00.023,47.345,47.285000000000004,0.0001,0
12.09.2016 06:36:16.742,47.34,47.28,0.0001,0
12.09.2016 06:36:17.133,47.33,47.27,0.0001,0
12.09.2016 06:36:25.968,47.325,47.265,0.0001,0
12.09.2016 06:36:26.469,47.335,47.275,0.0001,0
12.09.2016 06:36:39.688,47.34,47.28,0.0001,0
12.09.2016 06:36:46.695,47.335,47.275,0.0001,0
12.09.2016 06:36:58.008,47.33,47.27,0.0001,0
12.09.2016 06:37:06.675,47.325,47.265,0.0001,0
12.09.2016 06:37:21.133,47.315,47.255,0.0001,0
12.09.2016 06:37:28.944,47.305,47.245,0.0001,0
12.09.2016 06:37:31.947,47.315,47.255,0.0001,0
12.09.2016 06:37:35.552,47.31,47.25,0.0001,0
12.09.2016 06:37:40.157,47.315,47.255,0.0001,0
12.09.2016 06:37:47.952,47.32,47.26,0.0001,0
12.09.2016 06:37:48.452,47.315,47.255,0.0001,0
12.09.2016 06:37:48.782,47.32,47.26,0.0001,0
12.09.2016 06:38:01.992,47.315,47.255,0.0001,0
12.09.2016 06:38:42.038,47.305,47.245,0.0001,0
12.09.2016 06:39:40.319,47.315,47.255,0.0001,0
12.09.2016 06:39:45.341,47.325,47.265,0.0001,0
12.09.2016 06:39:51.734,47.33,47.27,0.0001,0
12.09.2016 06:40:09.481,47.335,47.275,0.0001,0
12.09.2016 06:40:26.891,47.345,47.285000000000004,0.0001,0
12.09.2016 06:40:37.804,47.35,47.29,0.0001,0
12.09.2016 06:40:48.514,47.355000000000004,47.295,0.0001,0
12.09.2016 06:41:03.429,47.365,47.305,0.0001,0
12.09.2016 06:41:50.484,47.36,47.300000000000004,0.0001,0
12.09.2016 06:41:57.993,47.365,47.305,0.0001,0
12.09.2016 06:41:59.312,47.355000000000004,47.295,0.0001,0
12.09.2016 06:42:07.003,47.35,47.29,0.0001,0
12.09.2016 06:42:19.717,47.355000000000004,47.295,0.0001,0
12.09.2016 06:42:34.736,47.35,47.29,0.0001,0
12.09.2016 06:42:49.155,47.355000000000004,47.295,0.0001,0
12.09.2016 06:42:49.594,47.35,47.29,0.0001,0
12.09.2016 06:43:27.298,47.345,47.285000000000004,0.0001,0
12.09.2016 06:43:49.763,47.35,47.29,0.0001,0
12.09.2016 06:44:02.334,47.345,47.285000000000004,0.0001,0
12.09.2016 06:44:03.836,47.35,47.29,0.0001,0
12.09.2016 06:44:09.140,47.345,47.285000000000004,0.0001,0
12.09.2016 06:44:28.874,47.35,47.29,0.0001,0
12.09.2016 06:45:00.087,47.345,47.285000000000004,0.0001,0
12.09.2016 06:45:17.848,47.35,47.29,0.0001,0
12.09.2016 06:45:30.216,47.355000000000004,47.295,0.0001,0
12.09.2016 06:46:26.376,47.365,47.305,0.0001,0
12.09.2016 06:46:31.322,47.37,47.31,0.0001,0
12.09.2016 06:46:33.683,47.375,47.315,0.0001,0
12.09.2016 06:46:34.093,47.38,47.32,0.0001,0
12.09.2016 06:46:37.587,47.39,47.33,0.0001,0
12.09.2016 06:46:49.804,47.385,47.325,0.0001,0
12.09.2016 06:46:54.009,47.37,47.31,0.0001,0
12.09.2016 06:47:35.158,47.365,47.305,0.0001,0
12.09.2016 06:47:56.807,47.375,47.295,0.0001,0
12.09.2016 06:47:57.981,47.36,47.300000000000004,0.0001,0
12.09.2016 06:48:08.696,47.355000000000004,47.295,0.0001,0
12.09.2016 06:48:26.225,47.35,47.29,0.0001,0
12.09.2016 06:48:29.130,47.345,47.285000000000004,0.0001,0
12.09.2016 06:48:45.851,47.335,47.275,0.0001,0
12.09.2016 06:49:19.193,47.34,47.28,0.0001,0
12.09.2016 06:49:25.301,47.335,47.275,0.0001,0
12.09.2016 06:49:25.715,47.33,47.27,0.0001,0
12.09.2016 06:49:26.804,47.335,47.275,0.0001,0
12.09.2016 06:49:44.015,47.34,47.28,0.0001,0
12.09.2016 06:49:44.420,47.335,47.275,0.0001,0
12.09.2016 06:49:48.561,47.33,47.27,0.0001,0
12.09.2016 06:49:53.228,47.335,47.275,0.0001,0
12.09.2016 06:50:00.942,47.34,47.28,0.0001,0
12.09.2016 06:50:19.869,47.345,47.285000000000004,0.0001,0
12.09.2016 06:50:32.315,47.355000000000004,47.295,0.0001,0
12.09.2016 06:51:15.544,47.345,47.285000000000004,0.0001,0
12.09.2016 06:51:18.346,47.35,47.29,0.0001,0
12.09.2016 06:51:31.559,47.345,47.285000000000004,0.0001,0
12.09.2016 06:51:34.263,47.335,47.275,0.0001,0
12.09.2016 06:51:54.710,47.34,47.28,0.0001,0
12.09.2016 06:52:16.136,47.325,47.265,0.0001,0
12.09.2016 06:52:19.519,47.33,47.27,0.0001,0
12.09.2016 06:52:39.741,47.325,47.265,0.0001,0
12.09.2016 06:52:46.651,47.34,47.28,0.0001,0
12.09.2016 06:53:17.583,47.325,47.265,0.0001,0
12.09.2016 06:53:18.983,47.33,47.27,0.0001,0
12.09.2016 06:53:30.196,47.335,47.275,0.0001,0
12.09.2016 06:53:39.505,47.33,47.27,0.0001,0
12.09.2016 06:53:40.606,47.335,47.275,0.0001,0
12.09.2016 06:53:59.529,47.33,47.27,0.0001,0
12.09.2016 06:54:22.655,47.325,47.265,0.0001,0
12.09.2016 06:54:38.169,47.33,47.27,0.0001,0
12.09.2016 06:54:57.204,47.325,47.265,0.0001,0
12.09.2016 06:55:12.215,47.33,47.27,0.0001,0
12.09.2016 06:55:22.726,47.32,47.26,0.0001,0
12.09.2016 06:55:36.345,47.325,47.265,0.0001,0
12.09.2016 06:55:48.911,47.33,47.27,0.0001,0
12.09.2016 06:55:59.768,47.325,47.265,0.0001,0
12.09.2016 06:56:24.302,47.33,47.27,0.0001,0
12.09.2016 06:56:33.111,47.325,47.265,0.0001,0
12.09.2016 06:56:33.653,47.33,47.27,0.0001,0
12.09.2016 06:57:03.751,47.335,47.275,0.0001,0
12.09.2016 06:57:04.095,47.325,47.265,0.0001,0
12.09.2016 06:57:11.061,47.335,47.275,0.0001,0
12.09.2016 06:57:12.762,47.33,47.27,0.0001,0
12.09.2016 06:57:23.174,47.335,47.275,0.0001,0
12.09.2016 06:57:29.282,47.34,47.28,0.0001,0
12.09.2016 06:57:38.492,47.335,47.275,0.0001,0
12.09.2016 06:57:48.503,47.34,47.28,0.0001,0
12.09.2016 06:57:50.004,47.335,47.275,0.0001,0
12.09.2016 06:58:03.220,47.34,47.28,0.0001,0
12.09.2016 06:58:25.748,47.335,47.275,0.0001,0
12.09.2016 06:58:37.055,47.34,47.28,0.0001,0
12.09.2016 06:59:13.701,47.33,47.27,0.0001,0
12.09.2016 06:59:34.427,47.335,47.275,0.0001,0
12.09.2016 07:00:00.459,47.325,47.265,0.0001,0
12.09.2016 07:00:00.690,47.325,47.265,0.0001,0.0001
12.09.2016 07:00:18.811,47.33,47.27,0.0001,0
12.09.2016 07:00:37.150,47.325,47.265,0.0001,0.0001
12.09.2016 07:00:56.287,47.325,47.27,0.0001,0
12.09.2016 07:00:58.589,47.33,47.27,0.0001,0.0001
12.09.2016 07:00:58.689,47.325,47.27,0.0001,0
12.09.2016 07:01:00.292,47.33,47.27,0.0001,0.0001
12.09.2016 07:01:00.357,47.33,47.27,0.0001,0
12.09.2016 07:01:06.077,47.33,47.27,0.0001,0.0001
12.09.2016 07:01:06.206,47.325,47.27,0.0001,0
12.09.2016 07:01:07.538,47.33,47.27,0.0001,0.0001
12.09.2016 07:01:07.761,47.33,47.275,0.0001,0
12.09.2016 07:01:08.937,47.33,47.27,0.0001,0.0001
12.09.2016 07:01:16.929,47.335,47.275,0.0001,0
12.09.2016 07:01:17.187,47.335,47.275,0.0001,0.0001
12.09.2016 07:01:30.155,47.325,47.275,0.0001,0
12.09.2016 07:01:30.348,47.325,47.265,0.0001,0.0001
12.09.2016 07:01:31.486,47.325,47.275,0.0001,0
12.09.2016 07:01:40.872,47.335,47.275,0.0001,0.0001
12.09.2016 07:01:45.707,47.335,47.275,0.0001,0
12.09.2016 07:01:56.521,47.325,47.265,0.0001,0.0001
12.09.2016 07:02:40.389,47.33,47.27,0.0001,0
12.09.2016 07:02:40.622,47.33,47.275,0.0001,0
12.09.2016 07:02:42.894,47.335,47.275,0.0001,0.0001
12.09.2016 07:02:42.996,47.34,47.28,0.0001,0
12.09.2016 07:02:45.420,47.345,47.285000000000004,0.0001,0
12.09.2016 07:02:45.996,47.345,47.285000000000004,0.0001,0.0001
12.09.2016 07:03:15.155,47.335,47.285000000000004,0.0001,0
12.09.2016 07:03:16.244,47.335,47.275,0.0001,0.0001
12.09.2016 07:03:24.478,47.33,47.275,0.0001,0
12.09.2016 07:03:35.996,47.335,47.275,0.0001,0.0001
12.09.2016 07:03:40.006,47.325,47.275,0.0001,0
12.09.2016 07:03:40.114,47.325,47.265,0.0001,0.0001
12.09.2016 07:03:40.817,47.335,47.275,0.0001,0
12.09.2016 07:03:41.311,47.33,47.27,0.0001,0.0001
12.09.2016 07:03:45.503,47.33,47.27,0.0001,0
12.09.2016 07:03:54.641,47.325,47.265,0.0001,0.0001
12.09.2016 07:04:08.577,47.33,47.27,0.0001,0
12.09.2016 07:04:08.791,47.33,47.27,0.0001,0.0001
12.09.2016 07:04:09.942,47.33,47.27,0.0001,0
12.09.2016 07:04:19.398,47.325,47.265,0.0001,0.0001
12.09.2016 07:04:47.310,47.335,47.275,0.0001,0
12.09.2016 07:04:51.864,47.33,47.27,0.0001,0.0001
12.09.2016 07:04:54.926,47.325,47.27,0.0001,0
12.09.2016 07:05:01.172,47.33,47.27,0.0001,0.0001
12.09.2016 07:05:06.516,47.33,47.27,0.0001,0
12.09.2016 07:05:06.566,47.325,47.265,0.0001,0.0001
12.09.2016 07:05:06.829,47.325,47.27,0.0001,0
12.09.2016 07:05:07.665,47.33,47.27,0.0001,0.0001
12.09.2016 07:05:08.785,47.33,47.27,0.0001,0
12.09.2016 07:05:20.225,47.325,47.265,0.0001,0.0001
12.09.2016 07:05:22.890,47.32,47.265,0.0001,0
12.09.2016 07:05:26.174,47.32,47.26,0.0001,0
12.09.2016 07:05:33.710,47.315,47.255,0.0001,0.0001
12.09.2016 07:05:37.944,47.315,47.265,0.0001,0
12.09.2016 07:05:49.928,47.325,47.265,0.0001,0.0001
12.09.2016 07:05:55.664,47.325,47.265,0.0001,0
12.09.2016 07:06:03.953,47.315,47.255,0.0001,0.0001
12.09.2016 07:06:10.764,47.305,47.255,0.0001,0
12.09.2016 07:06:11.064,47.305,47.245,0.0001,0.0001
12.09.2016 07:06:11.377,47.315,47.255,0.0001,0
12.09.2016 07:06:16.972,47.305,47.245,0.0001,0.0001
12.09.2016 07:06:17.993,47.305,47.245,0.0001,0
12.09.2016 07:06:19.398,47.295,47.235,0.0001,0.0001
12.09.2016 07:06:19.675,47.300000000000004,47.24,0.0001,0
12.09.2016 07:06:20.194,47.300000000000004,47.245,0.0001,0
12.09.2016 07:06:20.877,47.29,47.245,0.0001,0
12.09.2016 07:06:21.293,47.29,47.235,0.0001,0
12.09.2016 07:06:26.187,47.295,47.235,0.0001,0.0001
12.09.2016 07:06:26.243,47.295,47.235,0.0001,0
12.09.2016 07:06:26.430,47.285000000000004,47.225,0.0001,0.0001
12.09.2016 07:06:29.838,47.29,47.230000000000004,0.0001,0
12.09.2016 07:06:30.215,47.285000000000004,47.225,0.0001,0.0001
12.09.2016 07:06:30.293,47.29,47.230000000000004,0.0001,0
12.09.2016 07:06:30.343,47.29,47.230000000000004,0.0001,0.0001
12.09.2016 07:06:30.393,47.285000000000004,47.230000000000004,0.0001,0
12.09.2016 07:06:35.484,47.285000000000004,47.225,0.0001,0.0001
12.09.2016 07:06:38.506,47.275,47.225,0.0001,0
12.09.2016 07:06:38.807,47.265,47.225,0.0001,0
12.09.2016 07:06:39.222,47.265,47.21,0.0001,0
12.09.2016 07:06:39.508,47.27,47.21,0.0001,0.0001
12.09.2016 07:06:40.009,47.265,47.21,0.0001,0
12.09.2016 07:06:40.209,47.26,47.21,0.0001,0
12.09.2016 07:06:40.260,47.26,47.205,0.0001,0
12.09.2016 07:06:41.202,47.26,47.2,0.0001,0
12.09.2016 07:06:49.025,47.255,47.195,0.0001,0.0001
12.09.2016 07:06:50.002,47.255,47.195,0.0001,0
12.09.2016 07:06:50.992,47.255,47.195,0.0001,0.0001
12.09.2016 07:06:54.434,47.245,47.195,0.0001,0
12.09.2016 07:06:54.936,47.25,47.195,0.0001,0
12.09.2016 07:06:55.036,47.245,47.195,0.0001,0
12.09.2016 07:06:55.237,47.25,47.195,0.0001,0
12.09.2016 07:06:57.007,47.255,47.195,0.0001,0.0001
12.09.2016 07:06:57.159,47.25,47.195,0.0001,0
12.09.2016 07:06:57.239,47.245,47.195,0.0001,0
12.09.2016 07:06:58.149,47.245,47.19,0.0001,0
12.09.2016 07:06:59.042,47.255,47.195,0.0001,0
12.09.2016 07:07:00.129,47.255,47.195,0.0001,0.0001
12.09.2016 07:07:11.153,47.255,47.195,0.0001,0
12.09.2016 07:07:11.867,47.245,47.185,0.0001,0.0001
12.09.2016 07:07:15.412,47.245,47.195,0.0001,0
12.09.2016 07:07:20.039,47.255,47.195,0.0001,0.0001
12.09.2016 07:07:20.142,47.255,47.195,0.0001,0
12.09.2016 07:07:21.180,47.245,47.185,0.0001,0.0001
12.09.2016 07:07:25.423,47.245,47.185,0.0001,0
12.09.2016 07:07:31.496,47.235,47.175000000000004,0.0001,0.0001
12.09.2016 07:07:46.364,47.235,47.185,0.0001,0
12.09.2016 07:07:57.130,47.245,47.185,0.0001,0.0001
12.09.2016 07:08:04.050,47.24,47.185,0.0001,0
12.09.2016 07:08:06.740,47.24,47.18,0.0001,0
12.09.2016 07:08:10.151,47.235,47.175000000000004,0.0001,0.0001
12.09.2016 07:08:11.015,47.235,47.18,0.0001,0
12.09.2016 07:08:16.321,47.235,47.175000000000004,0.0001,0.0001
12.09.2016 07:09:10.337,47.235,47.175000000000004,0,0
12.09.2016 07:09:21.292,47.245,47.185,0,0
12.09.2016 07:09:39.642,47.245,47.185,0.0001,0.0001
12.09.2016 07:09:40.760,47.245,47.185,0.0001,0
12.09.2016 07:09:43.905,47.235,47.175000000000004,0.0001,0.0001
12.09.2016 07:09:45.646,47.235,47.175000000000004,0.0001,0
12.09.2016 07:09:54.226,47.225,47.165,0.0001,0.0001
12.09.2016 07:10:04.650,47.230000000000004,47.17,0.0001,0
12.09.2016 07:10:11.161,47.225,47.165,0.0001,0.0001
12.09.2016 07:10:12.063,47.230000000000004,47.17,0.0001,0
12.09.2016 07:10:19.998,47.225,47.165,0.0001,0.0001
12.09.2016 07:10:23.379,47.22,47.165,0.0001,0
12.09.2016 07:10:29.790,47.225,47.165,0.0001,0.0001
12.09.2016 07:10:30.336,47.225,47.165,0.0001,0
12.09.2016 07:10:30.591,47.22,47.160000000000004,0.0001,0.0001
12.09.2016 07:10:31.309,47.22,47.165,0.0001,0
12.09.2016 07:10:39.490,47.22,47.160000000000004,0.0001,0.0001
12.09.2016 07:10:41.011,47.225,47.165,0.0001,0
12.09.2016 07:10:41.111,47.215,47.160000000000004,0.0001,0
12.09.2016 07:10:43.016,47.22,47.160000000000004,0.0001,0.0001
12.09.2016 07:10:43.116,47.215,47.160000000000004,0.0001,0
12.09.2016 07:10:45.953,47.22,47.160000000000004,0.0001,0.0001
12.09.2016 07:10:46.160,47.22,47.165,0.0001,0
12.09.2016 07:10:46.624,47.215,47.165,0.0001,0
12.09.2016 07:10:47.149,47.215,47.155,0.0001,0.0001
12.09.2016 07:11:14.879,47.21,47.155,0.0001,0
12.09.2016 07:11:18.958,47.21,47.15,0.0001,0.0001
12.09.2016 07:11:19.949,47.21,47.155,0.0001,0
12.09.2016 07:11:22.292,47.215,47.155,0.0001,0.0001
12.09.2016 07:11:25.449,47.215,47.155,0.0001,0
12.09.2016 07:11:25.995,47.205,47.145,0.0001,0.0001
12.09.2016 07:11:37.915,47.195,47.145,0.0001,0
12.09.2016 07:11:42.326,47.205,47.145,0.0001,0.0001
12.09.2016 07:11:49.336,47.195,47.145,0.0001,0
12.09.2016 07:11:49.978,47.195,47.14,0.0001,0
12.09.2016 07:12:04.304,47.205,47.145,0.0001,0
12.09.2016 07:12:05.702,47.2,47.14,0.0001,0.0001
12.09.2016 07:12:06.562,47.195,47.14,0.0001,0
12.09.2016 07:12:06.818,47.195,47.135,0.0001,0.0001
12.09.2016 07:12:07.358,47.195,47.135,0.0001,0
12.09.2016 07:12:11.990,47.185,47.125,0.0001,0.0001
12.09.2016 07:12:12.069,47.19,47.13,0.0001,0
12.09.2016 07:12:21.689,47.185,47.125,0.0001,0.0001
12.09.2016 07:12:22.889,47.18,47.125,0.0001,0
12.09.2016 07:12:23.290,47.185,47.125,0.0001,0.0001
12.09.2016 07:12:25.093,47.19,47.13,0.0001,0
12.09.2016 07:12:25.511,47.19,47.13,0.0001,0.0001
12.09.2016 07:12:25.617,47.19,47.13,0.0001,0
12.09.2016 07:12:26.095,47.185,47.125,0.0001,0.0001
12.09.2016 07:12:26.718,47.185,47.125,0.0001,0
12.09.2016 07:12:28.808,47.185,47.13,0.0001,0
12.09.2016 07:12:36.851,47.19,47.13,0.0001,0.0001
12.09.2016 07:12:37.057,47.19,47.13,0.0001,0
12.09.2016 07:12:38.928,47.19,47.13,0.0001,0
12.09.2016 07:12:39.414,47.185,47.125,0.0001,0.0001
12.09.2016 07:12:39.752,47.185,47.125,0.0001,0
12.09.2016 07:12:41.216,47.18,47.12,0.0001,0.0001
12.09.2016 07:12:42.519,47.175000000000004,47.12,0.0001,0
12.09.2016 07:12:43.622,47.135,47.12,0.0001,0
12.09.2016 07:12:43.975,47.13,47.12,0.0001,0
12.09.2016 07:12:44.047,47.115,47.055,0.0001,0
12.09.2016 07:12:44.646,47.12,47.06,0.0001,0
12.09.2016 07:12:45.418,47.12,47.06,0.0001,0.0001
12.09.2016 07:12:45.848,47.115,47.06,0.0001,0
12.09.2016 07:12:46.028,47.12,47.06,0.0001,0.0001
12.09.2016 07:12:47.067,47.12,47.065,0.0001,0
12.09.2016 07:12:51.651,47.125,47.065,0.0001,0.0001
12.09.2016 07:12:52.439,47.135,47.075,0.0001,0
12.09.2016 07:12:52.856,47.145,47.085,0.0001,0
12.09.2016 07:12:56.846,47.135,47.08,0.0001,0
12.09.2016 07:12:56.996,47.135,47.075,0.0001,0.0001
12.09.2016 07:12:58.046,47.135,47.08,0.0001,0
12.09.2016 07:12:58.096,47.14,47.08,0.0001,0.0001
12.09.2016 07:12:59.178,47.14,47.08,0.0001,0
12.09.2016 07:13:01.270,47.135,47.075,0.0001,0.0001
12.09.2016 07:13:03.158,47.145,47.085,0.0001,0
12.09.2016 07:13:03.621,47.155,47.095,0.0001,0
12.09.2016 07:13:04.409,47.15,47.09,0.0001,0
12.09.2016 07:13:05.162,47.145,47.085,0.0001,0
12.09.2016 07:13:05.448,47.145,47.09,0.0001,0
12.09.2016 07:13:06.044,47.145,47.085,0.0001,0.0001
12.09.2016 07:13:08.567,47.155,47.095,0.0001,0
12.09.2016 07:13:10.369,47.145,47.085,0.0001,0.0001
12.09.2016 07:13:11.886,47.15,47.09,0.0001,0
12.09.2016 07:13:15.125,47.145,47.085,0.0001,0.0001
12.09.2016 07:13:15.457,47.145,47.09,0.0001,0
12.09.2016 07:13:15.896,47.145,47.085,0.0001,0.0001
12.09.2016 07:13:16.113,47.15,47.09,0.0001,0
12.09.2016 07:13:17.987,47.15,47.095,0.0001,0
12.09.2016 07:13:19.883,47.155,47.095,0.0001,0.0001
12.09.2016 07:13:20.076,47.155,47.1,0.0001,0
12.09.2016 07:13:20.183,47.160000000000004,47.1,0.0001,0.0001
12.09.2016 07:13:21.067,47.160000000000004,47.1,0.0001,0
12.09.2016 07:13:21.188,47.145,47.095,0.0001,0
12.09.2016 07:13:21.588,47.15,47.095,0.0001,0
12.09.2016 07:13:22.396,47.145,47.095,0.0001,0
12.09.2016 07:13:22.818,47.15,47.095,0.0001,0
12.09.2016 07:13:33.403,47.155,47.095,0.0001,0.0001
12.09.2016 07:13:37.046,47.155,47.095,0.0001,0
12.09.2016 07:13:39.920,47.145,47.085,0.0001,0.0001
12.09.2016 07:13:40.346,47.145,47.095,0.0001,0
12.09.2016 07:13:40.508,47.155,47.095,0.0001,0.0001
12.09.2016 07:13:41.620,47.160000000000004,47.1,0.0001,0
12.09.2016 07:13:45.552,47.155,47.095,0.0001,0.0001
12.09.2016 07:13:45.653,47.155,47.095,0.0001,0
12.09.2016 07:13:46.132,47.145,47.085,0.0001,0.0001
12.09.2016 07:13:46.726,47.145,47.095,0.0001,0
12.09.2016 07:13:46.833,47.155,47.095,0.0001,0.0001
12.09.2016 07:13:47.918,47.155,47.095,0.0001,0
12.09.2016 07:13:48.535,47.15,47.09,0.0001,0.0001
12.09.2016 07:13:48.816,47.15,47.095,0.0001,0
12.09.2016 07:13:49.068,47.155,47.095,0.0001,0.0001
12.09.2016 07:13:50.026,47.155,47.095,0.0001,0
12.09.2016 07:13:51.267,47.145,47.09,0.0001,0
12.09.2016 07:13:54.142,47.15,47.09,0.0001,0.0001
12.09.2016 07:13:54.349,47.145,47.09,0.0001,0
12.09.2016 07:13:56.244,47.15,47.09,0.0001,0.0001
12.09.2016 07:13:56.444,47.145,47.09,0.0001,0
12.09.2016 07:13:56.745,47.15,47.09,0.0001,0.0001
12.09.2016 07:13:56.890,47.160000000000004,47.1,0.0001,0
12.09.2016 07:13:57.292,47.165,47.105000000000004,0.0001,0
12.09.2016 07:13:57.726,47.165,47.105000000000004,0.0001,0.0001
12.09.2016 07:13:58.826,47.165,47.105000000000004,0.0001,0
12.09.2016 07:14:03.974,47.155,47.095,0.0001,0.0001
12.09.2016 07:14:17.756,47.155,47.105000000000004,0.0001,0
12.09.2016 07:14:22.302,47.165,47.105000000000004,0.0001,0.0001
12.09.2016 07:14:25.524,47.165,47.105000000000004,0.0001,0
12.09.2016 07:14:25.575,47.160000000000004,47.1,0.0001,0.0001
12.09.2016 07:14:34.743,47.155,47.1,0.0001,0
12.09.2016 07:14:35.575,47.155,47.095,0.0001,0.0001
12.09.2016 07:14:38.655,47.155,47.095,0.0001,0
12.09.2016 07:14:39.448,47.15,47.09,0.0001,0.0001
12.09.2016 07:14:39.755,47.15,47.095,0.0001,0
12.09.2016 07:14:40.706,47.155,47.095,0.0001,0.0001
12.09.2016 07:14:45.916,47.155,47.095,0.0001,0
12.09.2016 07:14:46.245,47.155,47.095,0.0001,0.0001
12.09.2016 07:14:47.015,47.155,47.095,0.0001,0
12.09.2016 07:14:50.794,47.15,47.09,0.0001,0.0001
12.09.2016 07:14:50.865,47.15,47.095,0.0001,0
12.09.2016 07:14:51.965,47.155,47.095,0.0001,0.0001
12.09.2016 07:14:55.182,47.145,47.095,0.0001,0
12.09.2016 07:14:56.035,47.145,47.09,0.0001,0
12.09.2016 07:14:56.476,47.15,47.09,0.0001,0.0001
12.09.2016 07:14:57.685,47.15,47.095,0.0001,0
12.09.2016 07:14:58.195,47.145,47.095,0.0001,0
12.09.2016 07:14:58.895,47.145,47.085,0.0001,0.0001
12.09.2016 07:14:59.080,47.155,47.095,0.0001,0
12.09.2016 07:14:59.381,47.15,47.09,0.0001,0
12.09.2016 07:14:59.599,47.145,47.085,0.0001,0.0001
12.09.2016 07:14:59.882,47.15,47.09,0.0001,0
12.09.2016 07:14:59.932,47.15,47.09,0.0001,0.0001
12.09.2016 07:15:00.283,47.145,47.09,0.0001,0
12.09.2016 07:15:04.492,47.15,47.09,0.0001,0.0001
12.09.2016 07:15:06.097,47.145,47.09,0.0001,0
12.09.2016 07:15:06.378,47.145,47.085,0.0001,0.0001
12.09.2016 07:15:06.429,47.15,47.09,0.0001,0
12.09.2016 07:15:06.817,47.15,47.09,0.0001,0.0001
12.09.2016 07:15:07.806,47.15,47.095,0.0001,0
12.09.2016 07:15:09.787,47.15,47.09,0.0001,0.0001
12.09.2016 07:15:10.887,47.15,47.09,0.0001,0
12.09.2016 07:15:16.212,47.145,47.085,0.0001,0.0001
12.09.2016 07:15:16.716,47.145,47.09,0.0001,0
12.09.2016 07:15:18.758,47.15,47.09,0.0001,0.0001
12.09.2016 07:15:19.807,47.15,47.09,0.0001,0
12.09.2016 07:15:20.517,47.145,47.085,0.0001,0.0001
12.09.2016 07:15:22.009,47.145,47.085,0.0001,0.0001
12.09.2016 07:15:27.623,47.145,47.085,0.0001,0.0001
12.09.2016 07:15:27.952,47.145,47.085,0.0001,0.0001
12.09.2016 07:15:28.717,47.145,47.09,0.0001,0
12.09.2016 07:15:30.538,47.15,47.09,0.0001,0.0001
12.09.2016 07:15:30.588,47.15,47.095,0.0001,0
12.09.2016 07:15:31.539,47.155,47.095,0.0001,0.0001
12.09.2016 07:15:44.158,47.15,47.095,0.0001,0
12.09.2016 07:15:50.969,47.155,47.095,0.0001,0.0001
12.09.2016 07:15:56.116,47.155,47.095,0.0001,0
12.09.2016 07:15:56.399,47.15,47.09,0.0001,0.0001
12.09.2016 07:15:57.106,47.15,47.095,0.0001,0
12.09.2016 07:15:58.230,47.155,47.095,0.0001,0.0001
12.09.2016 07:15:59.086,47.155,47.095,0.0001,0
12.09.2016 07:16:00.481,47.15,47.09,0.0001,0.0001
12.09.2016 07:16:01.176,47.15,47.095,0.0001,0
12.09.2016 07:16:01.482,47.155,47.095,0.0001,0.0001
12.09.2016 07:16:06.676,47.155,47.095,0.0001,0
12.09.2016 07:16:09.614,47.15,47.09,0.0001,0.0001
12.09.2016 07:16:09.981,47.15,47.095,0.0001,0
12.09.2016 07:16:18.114,47.155,47.095,0.0001,0.0001
12.09.2016 07:16:18.336,47.155,47.095,0.0001,0
12.09.2016 07:16:22.678,47.15,47.09,0.0001,0.0001
12.09.2016 07:16:23.210,47.145,47.09,0.0001,0
12.09.2016 07:16:23.511,47.160000000000004,47.1,0.0001,0
12.09.2016 07:16:26.366,47.160000000000004,47.105000000000004,0.0001,0
12.09.2016 07:16:28.717,47.165,47.105000000000004,0.0001,0.0001
12.09.2016 07:16:36.332,47.165,47.115,0.0001,0
12.09.2016 07:16:36.677,47.160000000000004,47.115,0.0001,0
12.09.2016 07:16:36.981,47.15,47.115,0.0001,0
12.09.2016 07:16:37.476,47.15,47.095,0.0001,0
12.09.2016 07:16:37.829,47.155,47.095,0.0001,0.0001
12.09.2016 07:16:38.355,47.155,47.095,0.0001,0
12.09.2016 07:16:38.931,47.15,47.09,0.0001,0.0001
12.09.2016 07:16:39.367,47.15,47.095,0.0001,0
12.09.2016 07:16:42.535,47.155,47.095,0.0001,0.0001
12.09.2016 07:16:44.940,47.15,47.095,0.0001,0
12.09.2016 07:16:45.396,47.15,47.09,0.0001,0.0001
12.09.2016 07:16:45.742,47.145,47.09,0.0001,0
12.09.2016 07:16:45.864,47.145,47.085,0.0001,0.0001
12.09.2016 07:16:46.935,47.145,47.09,0.0001,0
12.09.2016 07:16:54.256,47.15,47.09,0.0001,0.0001
12.09.2016 07:16:54.958,47.155,47.095,0.0001,0
12.09.2016 07:16:56.285,47.155,47.095,0.0001,0.0001
12.09.2016 07:16:56.615,47.155,47.095,0.0001,0
12.09.2016 07:16:56.804,47.15,47.09,0.0001,0.0001
12.09.2016 07:16:57.512,47.15,47.095,0.0001,0
12.09.2016 07:16:58.595,47.15,47.09,0.0001,0.0001
12.09.2016 07:16:59.585,47.15,47.09,0.0001,0
12.09.2016 07:16:59.844,47.145,47.085,0.0001,0.0001
12.09.2016 07:17:00.575,47.145,47.095,0.0001,0
12.09.2016 07:17:02.256,47.155,47.095,0.0001,0.0001
12.09.2016 07:17:05.386,47.145,47.095,0.0001,0
12.09.2016 07:17:06.196,47.145,47.085,0.0001,0.0001
12.09.2016 07:17:06.404,47.145,47.095,0.0001,0
12.09.2016 07:17:08.385,47.145,47.09,0.0001,0
12.09.2016 07:17:09.884,47.15,47.09,0.0001,0.0001
12.09.2016 07:17:10.475,47.15,47.095,0.0001,0
12.09.2016 07:17:12.317,47.145,47.095,0.0001,0
12.09.2016 07:17:16.195,47.145,47.085,0.0001,0.0001
12.09.2016 07:17:21.001,47.135,47.085,0.0001,0
