Local time,Ask,Bid,AskVolume,BidVolume
28.09.2016 01:00:02.306,46.265,46.205,0.0001,0
28.09.2016 01:00:14.979,46.26,46.2,0.0001,0
28.09.2016 01:00:15.970,46.255,46.195,0.0001,0
28.09.2016 01:00:32.659,46.26,46.2,0.0001,0
28.09.2016 01:00:34.761,46.27,46.21,0.0001,0
28.09.2016 01:00:35.362,46.265,46.205,0.0001,0
28.09.2016 01:00:37.269,46.27,46.21,0.0001,0
28.09.2016 01:00:38.265,46.275,46.215,0.0001,0
28.09.2016 01:00:42.178,46.265,46.205,0.0001,0
28.09.2016 01:00:47.375,46.27,46.21,0.0001,0
28.09.2016 01:00:47.876,46.275,46.205,0.0001,0
28.09.2016 01:00:50.821,46.27,46.21,0.0001,0
28.09.2016 01:00:51.483,46.265,46.195,0.0001,0
28.09.2016 01:01:01.493,46.265,46.205,0.0001,0
28.09.2016 01:01:02.033,46.255,46.195,0.0001,0
28.09.2016 01:01:09.250,46.27,46.21,0.0001,0
28.09.2016 01:01:10.815,46.255,46.195,0.0001,0
28.09.2016 01:01:21.520,46.265,46.205,0.0001,0
28.09.2016 01:01:25.847,46.26,46.2,0.0001,0
28.09.2016 01:01:40.848,46.275,46.215,0.0001,0
28.09.2016 01:02:34.204,46.28,46.22,0.0001,0
28.09.2016 01:02:35.606,46.275,46.215,0.0001,0
28.09.2016 01:02:36.142,46.265,46.205,0.0001,0
28.09.2016 01:02:46.617,46.28,46.22,0.0001,0
28.09.2016 01:02:50.033,46.275,46.215,0.0001,0
28.09.2016 01:03:03.036,46.28,46.22,0.0001,0
28.09.2016 01:03:24.766,46.275,46.215,0.0001,0
28.09.2016 01:04:23.728,46.27,46.21,0.0001,0
28.09.2016 01:04:37.043,46.265,46.205,0.0001,0
28.09.2016 01:05:28.911,46.255,46.195,0.0001,0
28.09.2016 01:05:30.915,46.295,46.225,0.0001,0
28.09.2016 01:05:31.173,46.29,46.230000000000004,0.0001,0
28.09.2016 01:05:31.517,46.31,46.25,0.0001,0
28.09.2016 01:05:49.935,46.32,46.26,0.0001,0
28.09.2016 01:06:03.550,46.315,46.255,0.0001,0
28.09.2016 01:06:23.675,46.31,46.25,0.0001,0
28.09.2016 01:06:29.516,46.315,46.255,0.0001,0
28.09.2016 01:06:30.127,46.32,46.26,0.0001,0
28.09.2016 01:06:36.482,46.325,46.265,0.0001,0
28.09.2016 01:06:47.715,46.335,46.275,0.0001,0
28.09.2016 01:06:48.495,46.325,46.265,0.0001,0
28.09.2016 01:06:55.301,46.34,46.28,0.0001,0
28.09.2016 01:07:10.918,46.335,46.265,0.0001,0
28.09.2016 01:07:11.920,46.34,46.28,0.0001,0
28.09.2016 01:07:25.857,46.345,46.285000000000004,0.0001,0
28.09.2016 01:07:42.185,46.335,46.265,0.0001,0
28.09.2016 01:07:51.863,46.34,46.28,0.0001,0
28.09.2016 01:08:11.483,46.33,46.27,0.0001,0
28.09.2016 01:09:35.797,46.335,46.275,0.0001,0
28.09.2016 01:11:41.086,46.33,46.27,0.0001,0
28.09.2016 01:11:52.906,46.325,46.265,0.0001,0
28.09.2016 01:12:01.006,46.34,46.28,0.0001,0
28.09.2016 01:12:03.308,46.33,46.27,0.0001,0
28.09.2016 01:12:14.622,46.325,46.265,0.0001,0
28.09.2016 01:12:51.366,46.34,46.28,0.0001,0
28.09.2016 01:13:02.377,46.33,46.27,0.0001,0
28.09.2016 01:13:04.078,46.325,46.265,0.0001,0
28.09.2016 01:13:25.296,46.32,46.26,0.0001,0
28.09.2016 01:14:54.001,46.33,46.27,0.0001,0
28.09.2016 01:15:10.582,46.325,46.265,0.0001,0
28.09.2016 01:15:19.626,46.33,46.27,0.0001,0
28.09.2016 01:15:20.135,46.325,46.265,0.0001,0
28.09.2016 01:15:30.938,46.33,46.27,0.0001,0
28.09.2016 01:16:27.194,46.32,46.26,0.0001,0
28.09.2016 01:16:39.006,46.315,46.255,0.0001,0
28.09.2016 01:18:04.499,46.31,46.25,0.0001,0
28.09.2016 01:18:50.146,46.32,46.26,0.0001,0
28.09.2016 01:18:56.552,46.315,46.255,0.0001,0
28.09.2016 01:18:56.959,46.31,46.25,0.0001,0
28.09.2016 01:23:34.042,46.32,46.26,0.0001,0
28.09.2016 01:23:44.863,46.31,46.25,0.0001,0
28.09.2016 01:23:50.885,46.315,46.255,0.0001,0
28.09.2016 01:24:01.187,46.32,46.26,0.0001,0
28.09.2016 01:24:15.892,46.315,46.255,0.0001,0
28.09.2016 01:24:38.657,46.32,46.26,0.0001,0
28.09.2016 01:25:19.954,46.325,46.265,0.0001,0
28.09.2016 01:25:22.356,46.335,46.275,0.0001,0
28.09.2016 01:25:22.897,46.34,46.28,0.0001,0
28.09.2016 01:25:35.519,46.345,46.285000000000004,0.0001,0
28.09.2016 01:25:46.280,46.35,46.29,0.0001,0
28.09.2016 01:25:48.888,46.355000000000004,46.295,0.0001,0
28.09.2016 01:25:49.238,46.36,46.300000000000004,0.0001,0
28.09.2016 01:25:57.928,46.355000000000004,46.295,0.0001,0
28.09.2016 01:26:08.408,46.35,46.29,0.0001,0
28.09.2016 01:26:24.121,46.335,46.275,0.0001,0
28.09.2016 01:26:33.501,46.325,46.265,0.0001,0
28.09.2016 01:26:51.145,46.33,46.27,0.0001,0
28.09.2016 01:26:52.752,46.34,46.28,0.0001,0
28.09.2016 01:26:53.077,46.335,46.275,0.0001,0
28.09.2016 01:27:00.861,46.345,46.285000000000004,0.0001,0
28.09.2016 01:27:01.162,46.34,46.28,0.0001,0
28.09.2016 01:27:29.623,46.33,46.27,0.0001,0
28.09.2016 01:27:30.120,46.325,46.265,0.0001,0
28.09.2016 01:27:34.206,46.335,46.275,0.0001,0
28.09.2016 01:28:00.825,46.33,46.27,0.0001,0
28.09.2016 01:28:17.436,46.335,46.275,0.0001,0
28.09.2016 01:28:20.839,46.33,46.27,0.0001,0
28.09.2016 01:28:48.186,46.325,46.265,0.0001,0
28.09.2016 01:28:52.490,46.32,46.26,0.0001,0
28.09.2016 01:28:59.096,46.325,46.265,0.0001,0
28.09.2016 01:29:00.297,46.32,46.26,0.0001,0
28.09.2016 01:29:56.348,46.33,46.27,0.0001,0
28.09.2016 01:30:10.460,46.335,46.275,0.0001,0
28.09.2016 01:31:44.893,46.34,46.28,0.0001,0
28.09.2016 01:31:45.505,46.345,46.285000000000004,0.0001,0
28.09.2016 01:31:56.893,46.35,46.29,0.0001,0
28.09.2016 01:33:24.256,46.345,46.285000000000004,0.0001,0
28.09.2016 01:33:30.862,46.35,46.29,0.0001,0
28.09.2016 01:33:43.318,46.345,46.285000000000004,0.0001,0
28.09.2016 01:33:48.614,46.35,46.29,0.0001,0
28.09.2016 01:34:02.224,46.34,46.28,0.0001,0
28.09.2016 01:34:25.224,46.345,46.285000000000004,0.0001,0
28.09.2016 01:35:00.459,46.355000000000004,46.295,0.0001,0
28.09.2016 01:35:02.569,46.35,46.29,0.0001,0
28.09.2016 01:37:00.266,46.355000000000004,46.295,0.0001,0
28.09.2016 01:37:27.590,46.36,46.300000000000004,0.0001,0
28.09.2016 01:37:34.196,46.365,46.305,0.0001,0
28.09.2016 01:37:34.567,46.36,46.300000000000004,0.0001,0
28.09.2016 01:38:00.127,46.365,46.305,0.0001,0
28.09.2016 01:39:12.493,46.355000000000004,46.295,0.0001,0
28.09.2016 01:39:12.883,46.35,46.29,0.0001,0
28.09.2016 01:40:55.498,46.355000000000004,46.295,0.0001,0
28.09.2016 01:41:06.995,46.36,46.300000000000004,0.0001,0
28.09.2016 01:41:07.596,46.365,46.305,0.0001,0
28.09.2016 01:41:08.109,46.355000000000004,46.295,0.0001,0
28.09.2016 01:41:20.354,46.36,46.300000000000004,0.0001,0
28.09.2016 01:42:32.982,46.365,46.305,0.0001,0
28.09.2016 01:42:33.382,46.36,46.300000000000004,0.0001,0
28.09.2016 01:42:35.684,46.365,46.305,0.0001,0
28.09.2016 01:42:36.085,46.36,46.300000000000004,0.0001,0
28.09.2016 01:42:56.102,46.365,46.305,0.0001,0
28.09.2016 01:43:42.069,46.36,46.300000000000004,0.0001,0
28.09.2016 01:46:57.545,46.345,46.285000000000004,0.0001,0
28.09.2016 01:47:17.262,46.35,46.29,0.0001,0
28.09.2016 01:47:34.881,46.355000000000004,46.295,0.0001,0
28.09.2016 01:47:45.824,46.36,46.300000000000004,0.0001,0
28.09.2016 01:48:22.361,46.365,46.305,0.0001,0
28.09.2016 01:48:32.931,46.36,46.300000000000004,0.0001,0
28.09.2016 01:48:47.066,46.365,46.305,0.0001,0
28.09.2016 01:48:47.565,46.36,46.300000000000004,0.0001,0
28.09.2016 01:52:15.011,46.355000000000004,46.295,0.0001,0
28.09.2016 01:52:15.468,46.35,46.29,0.0001,0
28.09.2016 01:52:53.831,46.355000000000004,46.295,0.0001,0
28.09.2016 01:53:54.084,46.34,46.28,0.0001,0
28.09.2016 01:54:14.200,46.345,46.285000000000004,0.0001,0
28.09.2016 01:54:14.546,46.35,46.29,0.0001,0
28.09.2016 01:55:19.072,46.355000000000004,46.295,0.0001,0
28.09.2016 01:55:34.787,46.35,46.29,0.0001,0
28.09.2016 01:55:50.105,46.34,46.28,0.0001,0
28.09.2016 01:55:59.608,46.345,46.285000000000004,0.0001,0
28.09.2016 01:55:59.957,46.34,46.28,0.0001,0
28.09.2016 01:56:05.715,46.325,46.265,0.0001,0
28.09.2016 01:56:06.322,46.32,46.26,0.0001,0
28.09.2016 01:56:09.033,46.325,46.265,0.0001,0
28.09.2016 01:56:20.028,46.32,46.26,0.0001,0
28.09.2016 01:56:20.535,46.33,46.27,0.0001,0
28.09.2016 01:56:22.831,46.325,46.265,0.0001,0
28.09.2016 01:56:23.732,46.32,46.26,0.0001,0
28.09.2016 01:56:25.433,46.325,46.265,0.0001,0
28.09.2016 01:56:30.237,46.33,46.27,0.0001,0
28.09.2016 01:56:30.692,46.325,46.265,0.0001,0
28.09.2016 01:56:31.338,46.33,46.27,0.0001,0
28.09.2016 01:56:31.939,46.32,46.26,0.0001,0
28.09.2016 01:56:45.772,46.325,46.265,0.0001,0
28.09.2016 01:56:47.873,46.32,46.26,0.0001,0
28.09.2016 01:56:58.866,46.315,46.255,0.0001,0
28.09.2016 01:57:08.376,46.32,46.26,0.0001,0
28.09.2016 01:57:13.481,46.325,46.265,0.0001,0
28.09.2016 01:57:26.893,46.32,46.26,0.0001,0
28.09.2016 01:57:35.303,46.315,46.255,0.0001,0
28.09.2016 01:57:35.636,46.32,46.26,0.0001,0
28.09.2016 01:57:38.204,46.325,46.265,0.0001,0
28.09.2016 01:57:38.705,46.32,46.26,0.0001,0
28.09.2016 01:57:43.553,46.325,46.265,0.0001,0
28.09.2016 01:57:56.420,46.32,46.26,0.0001,0
28.09.2016 01:58:31.426,46.315,46.255,0.0001,0
28.09.2016 01:59:07.788,46.32,46.26,0.0001,0
28.09.2016 01:59:18.466,46.325,46.265,0.0001,0
28.09.2016 01:59:18.996,46.32,46.26,0.0001,0
28.09.2016 02:00:55.480,46.315,46.255,0.0001,0
28.09.2016 02:01:41.360,46.325,46.265,0.0001,0
28.09.2016 02:01:53.539,46.32,46.26,0.0001,0
28.09.2016 02:04:02.581,46.315,46.255,0.0001,0
28.09.2016 02:05:02.746,46.295,46.235,0.0001,0
28.09.2016 02:05:09.253,46.300000000000004,46.24,0.0001,0
28.09.2016 02:05:27.847,46.295,46.235,0.0001,0
28.09.2016 02:05:37.422,46.300000000000004,46.24,0.0001,0
28.09.2016 02:05:48.490,46.305,46.245,0.0001,0
28.09.2016 02:06:02.102,46.300000000000004,46.24,0.0001,0
28.09.2016 02:06:02.503,46.295,46.235,0.0001,0
28.09.2016 02:06:22.923,46.305,46.245,0.0001,0
28.09.2016 02:06:27.443,46.295,46.235,0.0001,0
28.09.2016 02:06:33.234,46.300000000000004,46.24,0.0001,0
28.09.2016 02:06:34.235,46.295,46.235,0.0001,0
28.09.2016 02:06:35.241,46.300000000000004,46.24,0.0001,0
28.09.2016 02:06:37.144,46.295,46.235,0.0001,0
28.09.2016 02:06:57.363,46.305,46.245,0.0001,0
28.09.2016 02:07:14.877,46.29,46.230000000000004,0.0001,0
28.09.2016 02:07:36.402,46.28,46.22,0.0001,0
28.09.2016 02:07:36.703,46.275,46.215,0.0001,0
28.09.2016 02:07:56.821,46.27,46.21,0.0001,0
28.09.2016 02:08:06.529,46.265,46.205,0.0001,0
28.09.2016 02:08:17.639,46.230000000000004,46.17,0.0001,0
28.09.2016 02:08:18.088,46.225,46.165,0.0001,0
28.09.2016 02:08:18.392,46.22,46.160000000000004,0.0001,0
28.09.2016 02:08:19.944,46.225,46.165,0.0001,0
28.09.2016 02:08:24.649,46.22,46.160000000000004,0.0001,0
28.09.2016 02:08:27.652,46.225,46.165,0.0001,0
28.09.2016 02:08:30.890,46.22,46.160000000000004,0.0001,0
28.09.2016 02:08:31.335,46.225,46.165,0.0001,0
28.09.2016 02:08:35.367,46.22,46.160000000000004,0.0001,0
28.09.2016 02:08:45.377,46.225,46.165,0.0001,0
28.09.2016 02:08:55.486,46.22,46.160000000000004,0.0001,0
28.09.2016 02:09:02.492,46.21,46.15,0.0001,0
28.09.2016 02:09:05.340,46.215,46.155,0.0001,0
28.09.2016 02:09:06.097,46.21,46.15,0.0001,0
28.09.2016 02:09:13.205,46.2,46.14,0.0001,0
28.09.2016 02:09:20.913,46.195,46.135,0.0001,0
28.09.2016 02:09:34.420,46.19,46.13,0.0001,0
28.09.2016 02:09:39.630,46.195,46.135,0.0001,0
28.09.2016 02:09:43.735,46.21,46.15,0.0001,0
28.09.2016 02:09:48.741,46.215,46.155,0.0001,0
28.09.2016 02:09:58.849,46.21,46.15,0.0001,0
28.09.2016 02:10:04.964,46.22,46.160000000000004,0.0001,0
28.09.2016 02:10:26.781,46.230000000000004,46.17,0.0001,0
28.09.2016 02:10:39.313,46.225,46.165,0.0001,0
28.09.2016 02:10:45.905,46.205,46.145,0.0001,0
28.09.2016 02:11:02.629,46.185,46.125,0.0001,0
28.09.2016 02:11:14.243,46.19,46.13,0.0001,0
28.09.2016 02:11:20.860,46.18,46.12,0.0001,0
28.09.2016 02:11:23.957,46.19,46.13,0.0001,0
28.09.2016 02:11:25.358,46.195,46.135,0.0001,0
28.09.2016 02:11:30.362,46.18,46.12,0.0001,0
28.09.2016 02:11:30.842,46.185,46.125,0.0001,0
28.09.2016 02:11:33.369,46.19,46.13,0.0001,0
28.09.2016 02:11:43.381,46.185,46.125,0.0001,0
28.09.2016 02:11:47.185,46.17,46.11,0.0001,0
28.09.2016 02:11:52.092,46.175000000000004,46.115,0.0001,0
28.09.2016 02:11:58.001,46.185,46.125,0.0001,0
28.09.2016 02:12:13.322,46.18,46.12,0.0001,0
28.09.2016 02:12:40.354,46.17,46.11,0.0001,0
28.09.2016 02:12:41.275,46.18,46.12,0.0001,0
28.09.2016 02:13:10.281,46.19,46.13,0.0001,0
28.09.2016 02:13:20.530,46.205,46.145,0.0001,0
28.09.2016 02:13:32.429,46.2,46.14,0.0001,0
28.09.2016 02:14:13.791,46.195,46.135,0.0001,0
28.09.2016 02:14:24.603,46.19,46.13,0.0001,0
28.09.2016 02:14:58.348,46.185,46.125,0.0001,0
28.09.2016 02:15:14.792,46.18,46.12,0.0001,0
28.09.2016 02:15:17.728,46.17,46.11,0.0001,0
28.09.2016 02:15:27.809,46.160000000000004,46.1,0.0001,0
28.09.2016 02:15:44.631,46.155,46.095,0.0001,0
28.09.2016 02:15:51.669,46.145,46.085,0.0001,0
28.09.2016 02:16:14.274,46.14,46.08,0.0001,0
28.09.2016 02:16:50.739,46.15,46.09,0.0001,0
28.09.2016 02:16:55.950,46.155,46.095,0.0001,0
28.09.2016 02:17:00.454,46.165,46.105000000000004,0.0001,0
28.09.2016 02:17:02.965,46.17,46.11,0.0001,0
28.09.2016 02:17:23.818,46.165,46.105000000000004,0.0001,0
28.09.2016 02:17:36.107,46.160000000000004,46.1,0.0001,0
28.09.2016 02:18:00.737,46.145,46.085,0.0001,0
28.09.2016 02:18:01.204,46.14,46.08,0.0001,0
28.09.2016 02:18:01.670,46.13,46.07,0.0001,0
28.09.2016 02:18:15.902,46.125,46.065,0.0001,0
28.09.2016 02:18:16.275,46.12,46.06,0.0001,0
28.09.2016 02:18:20.494,46.115,46.055,0.0001,0
28.09.2016 02:18:20.850,46.1,46.04,0.0001,0
28.09.2016 02:18:21.242,46.11,46.050000000000004,0.0001,0
28.09.2016 02:18:22.799,46.095,46.035000000000004,0.0001,0
28.09.2016 02:18:23.153,46.09,46.03,0.0001,0
28.09.2016 02:18:24.802,46.08,46.02,0.0001,0
28.09.2016 02:18:31.112,46.085,46.025,0.0001,0
28.09.2016 02:18:31.712,46.08,46.02,0.0001,0
28.09.2016 02:18:33.115,46.085,46.025,0.0001,0
28.09.2016 02:18:34.316,46.08,46.02,0.0001,0
28.09.2016 02:18:37.927,46.07,46.01,0.0001,0
28.09.2016 02:18:41.531,46.075,46.015,0.0001,0
28.09.2016 02:18:51.446,46.09,46.03,0.0001,0
28.09.2016 02:19:21.784,46.105000000000004,46.045,0.0001,0
28.09.2016 02:19:23.205,46.1,46.04,0.0001,0
28.09.2016 02:19:24.087,46.115,46.055,0.0001,0
28.09.2016 02:19:24.548,46.11,46.050000000000004,0.0001,0
28.09.2016 02:19:36.506,46.105000000000004,46.045,0.0001,0
28.09.2016 02:19:39.709,46.1,46.04,0.0001,0
28.09.2016 02:19:50.522,46.105000000000004,46.045,0.0001,0
28.09.2016 02:19:53.156,46.115,46.055,0.0001,0
28.09.2016 02:19:53.827,46.12,46.06,0.0001,0
28.09.2016 02:20:01.178,46.11,46.050000000000004,0.0001,0
28.09.2016 02:20:12.852,46.1,46.04,0.0001,0
28.09.2016 02:20:32.610,46.105000000000004,46.045,0.0001,0
28.09.2016 02:20:44.588,46.11,46.050000000000004,0.0001,0
28.09.2016 02:22:16.707,46.105000000000004,46.045,0.0001,0
28.09.2016 02:22:25.520,46.09,46.03,0.0001,0
28.09.2016 02:22:25.867,46.08,46.02,0.0001,0
28.09.2016 02:22:32.529,46.085,46.025,0.0001,0
28.09.2016 02:22:32.947,46.08,46.02,0.0001,0
28.09.2016 02:22:52.997,46.075,46.015,0.0001,0
28.09.2016 02:22:55.367,46.065,46.005,0.0001,0
28.09.2016 02:22:57.315,46.06,46,0.0001,0
28.09.2016 02:22:57.924,46.065,46.005,0.0001,0
28.09.2016 02:23:00.285,46.06,46,0.0001,0
28.09.2016 02:23:00.673,46.065,46.005,0.0001,0
28.09.2016 02:23:01.225,46.06,46,0.0001,0
28.09.2016 02:23:09.083,46.065,46.005,0.0001,0
28.09.2016 02:23:19.997,46.045,45.985,0.0001,0
28.09.2016 02:23:22.122,46.04,45.980000000000004,0.0001,0
28.09.2016 02:23:36.545,46.045,45.985,0.0001,0
28.09.2016 02:23:56.070,46.04,45.980000000000004,0.0001,0
28.09.2016 02:23:57.272,46.03,45.97,0.0001,0
28.09.2016 02:24:02.078,46.015,45.955,0.0001,0
28.09.2016 02:24:03.080,46.02,45.96,0.0001,0
28.09.2016 02:24:03.580,46.01,45.95,0.0001,0
28.09.2016 02:24:03.909,46.015,45.955,0.0001,0
28.09.2016 02:24:04.983,46.01,45.95,0.0001,0
28.09.2016 02:24:07.922,46.015,45.955,0.0001,0
28.09.2016 02:24:08.560,46.02,45.96,0.0001,0
28.09.2016 02:24:09.989,46.01,45.95,0.0001,0
28.09.2016 02:24:11.927,46.02,45.96,0.0001,0
28.09.2016 02:24:12.537,46.015,45.955,0.0001,0
28.09.2016 02:24:28.812,46.01,45.95,0.0001,0
28.09.2016 02:24:34.425,46.015,45.955,0.0001,0
28.09.2016 02:24:44.068,46.005,45.945,0.0001,0
28.09.2016 02:24:54.558,46,45.94,0.0001,0
28.09.2016 02:25:03.659,46.005,45.945,0.0001,0
28.09.2016 02:25:04.060,46,45.94,0.0001,0
28.09.2016 02:25:04.562,45.995,45.935,0.0001,0
28.09.2016 02:25:14.697,46,45.94,0.0001,0
28.09.2016 02:25:19.680,46.005,45.945,0.0001,0
28.09.2016 02:25:20.202,46,45.94,0.0001,0
28.09.2016 02:25:28.294,46.01,45.95,0.0001,0
28.09.2016 02:25:38.752,46,45.94,0.0001,0
28.09.2016 02:25:47.516,46.005,45.945,0.0001,0
28.09.2016 02:25:59.230,46.015,45.955,0.0001,0
28.09.2016 02:25:59.531,46.035000000000004,45.975,0.0001,0
28.09.2016 02:26:00.836,46.050000000000004,45.99,0.0001,0
28.09.2016 02:26:02.137,46.04,45.980000000000004,0.0001,0
28.09.2016 02:26:03.339,46.035000000000004,45.975,0.0001,0
28.09.2016 02:26:09.647,46.045,45.985,0.0001,0
28.09.2016 02:26:14.378,46.065,46.005,0.0001,0
28.09.2016 02:26:19.360,46.06,46,0.0001,0
28.09.2016 02:27:30.799,46.050000000000004,45.99,0.0001,0
28.09.2016 02:27:51.721,46.055,45.995,0.0001,0
28.09.2016 02:27:55.325,46.065,46.005,0.0001,0
28.09.2016 02:28:12.394,46.06,46,0.0001,0
28.09.2016 02:28:16.652,46.07,46.01,0.0001,0
28.09.2016 02:28:18.855,46.1,46.04,0.0001,0
28.09.2016 02:28:19.401,46.095,46.035000000000004,0.0001,0
28.09.2016 02:28:44.203,46.09,46.03,0.0001,0
28.09.2016 02:28:52.048,46.095,46.035000000000004,0.0001,0
28.09.2016 02:28:54.420,46.1,46.04,0.0001,0
28.09.2016 02:29:06.437,46.105000000000004,46.045,0.0001,0
28.09.2016 02:29:14.054,46.11,46.050000000000004,0.0001,0
28.09.2016 02:29:16.056,46.12,46.06,0.0001,0
28.09.2016 02:29:18.364,46.115,46.055,0.0001,0
28.09.2016 02:29:21.868,46.11,46.050000000000004,0.0001,0
28.09.2016 02:29:38.895,46.105000000000004,46.045,0.0001,0
28.09.2016 02:29:44.395,46.11,46.050000000000004,0.0001,0
28.09.2016 02:29:46.334,46.12,46.06,0.0001,0
28.09.2016 02:30:21.148,46.11,46.050000000000004,0.0001,0
28.09.2016 02:30:40.793,46.105000000000004,46.045,0.0001,0
28.09.2016 02:30:41.374,46.1,46.04,0.0001,0
28.09.2016 02:30:45.602,46.105000000000004,46.045,0.0001,0
28.09.2016 02:30:50.211,46.1,46.04,0.0001,0
28.09.2016 02:31:01.825,46.105000000000004,46.045,0.0001,0
28.09.2016 02:31:03.235,46.11,46.050000000000004,0.0001,0
28.09.2016 02:31:03.929,46.115,46.055,0.0001,0
28.09.2016 02:31:22.218,46.12,46.06,0.0001,0
28.09.2016 02:31:44.495,46.125,46.065,0.0001,0
28.09.2016 02:32:14.536,46.115,46.055,0.0001,0
28.09.2016 02:32:19.143,46.11,46.050000000000004,0.0001,0
28.09.2016 02:32:19.596,46.115,46.055,0.0001,0
28.09.2016 02:32:29.159,46.11,46.050000000000004,0.0001,0
28.09.2016 02:32:29.708,46.105000000000004,46.045,0.0001,0
28.09.2016 02:32:38.770,46.11,46.050000000000004,0.0001,0
28.09.2016 02:32:43.374,46.115,46.055,0.0001,0
28.09.2016 02:32:48.058,46.11,46.050000000000004,0.0001,0
28.09.2016 02:32:53.085,46.115,46.055,0.0001,0
28.09.2016 02:32:56.245,46.12,46.06,0.0001,0
28.09.2016 02:33:06.601,46.115,46.055,0.0001,0
28.09.2016 02:33:08.003,46.11,46.050000000000004,0.0001,0
28.09.2016 02:33:17.022,46.12,46.06,0.0001,0
28.09.2016 02:33:23.731,46.115,46.055,0.0001,0
28.09.2016 02:33:53.498,46.12,46.06,0.0001,0
28.09.2016 02:33:57.003,46.115,46.055,0.0001,0
28.09.2016 02:34:18.141,46.11,46.050000000000004,0.0001,0
28.09.2016 02:34:22.753,46.115,46.055,0.0001,0
28.09.2016 02:34:30.062,46.11,46.050000000000004,0.0001,0
28.09.2016 02:34:36.369,46.115,46.055,0.0001,0
28.09.2016 02:35:07.007,46.11,46.050000000000004,0.0001,0
28.09.2016 02:35:39.857,46.115,46.055,0.0001,0
28.09.2016 02:35:53.081,46.11,46.050000000000004,0.0001,0
28.09.2016 02:36:08.993,46.115,46.055,0.0001,0
28.09.2016 02:36:09.494,46.12,46.06,0.0001,0
28.09.2016 02:36:10.395,46.125,46.065,0.0001,0
28.09.2016 02:36:55.225,46.135,46.075,0.0001,0
28.09.2016 02:37:08.963,46.14,46.08,0.0001,0
28.09.2016 02:37:37.012,46.15,46.09,0.0001,0
28.09.2016 02:37:40.314,46.155,46.095,0.0001,0
28.09.2016 02:38:13.035,46.17,46.11,0.0001,0
28.09.2016 02:38:24.549,46.175000000000004,46.115,0.0001,0
28.09.2016 02:38:25.249,46.18,46.12,0.0001,0
28.09.2016 02:38:26.751,46.19,46.13,0.0001,0
28.09.2016 02:38:37.665,46.195,46.135,0.0001,0
28.09.2016 02:38:38.047,46.19,46.13,0.0001,0
28.09.2016 02:38:48.511,46.195,46.135,0.0001,0
28.09.2016 02:39:07.542,46.21,46.15,0.0001,0
28.09.2016 02:39:07.944,46.205,46.145,0.0001,0
28.09.2016 02:39:10.751,46.21,46.15,0.0001,0
28.09.2016 02:39:19.033,46.205,46.145,0.0001,0
28.09.2016 02:39:24.274,46.2,46.14,0.0001,0
28.09.2016 02:39:27.380,46.19,46.13,0.0001,0
28.09.2016 02:39:29.387,46.2,46.14,0.0001,0
28.09.2016 02:40:36.003,46.21,46.15,0.0001,0
28.09.2016 02:40:36.343,46.205,46.145,0.0001,0
28.09.2016 02:40:42.110,46.21,46.15,0.0001,0
28.09.2016 02:40:42.912,46.205,46.145,0.0001,0
28.09.2016 02:40:44.514,46.21,46.15,0.0001,0
28.09.2016 02:40:45.219,46.215,46.155,0.0001,0
28.09.2016 02:40:59.432,46.21,46.15,0.0001,0
28.09.2016 02:41:19.795,46.205,46.145,0.0001,0
28.09.2016 02:41:41.196,46.2,46.14,0.0001,0
28.09.2016 02:42:03.726,46.195,46.135,0.0001,0
28.09.2016 02:42:54.567,46.19,46.13,0.0001,0
28.09.2016 02:43:08.086,46.195,46.135,0.0001,0
28.09.2016 02:43:14.191,46.19,46.13,0.0001,0
28.09.2016 02:43:22.801,46.195,46.135,0.0001,0
28.09.2016 02:43:54.841,46.19,46.13,0.0001,0
28.09.2016 02:44:36.339,46.18,46.12,0.0001,0
28.09.2016 02:44:47.212,46.175000000000004,46.115,0.0001,0
28.09.2016 02:44:49.414,46.18,46.12,0.0001,0
28.09.2016 02:44:58.824,46.175000000000004,46.115,0.0001,0
28.09.2016 02:45:54.706,46.17,46.11,0.0001,0
28.09.2016 02:46:01.110,46.160000000000004,46.1,0.0001,0
28.09.2016 02:46:05.015,46.155,46.095,0.0001,0
28.09.2016 02:46:47.258,46.165,46.085,0.0001,0
28.09.2016 02:47:00.276,46.175000000000004,46.075,0.0001,0
28.09.2016 02:47:03.979,46.15,46.09,0.0001,0
28.09.2016 02:47:19.504,46.155,46.095,0.0001,0
28.09.2016 02:49:18.811,46.15,46.09,0.0001,0
28.09.2016 02:49:28.929,46.155,46.095,0.0001,0
28.09.2016 02:51:05.058,46.165,46.105000000000004,0.0001,0
28.09.2016 02:51:08.864,46.17,46.11,0.0001,0
28.09.2016 02:51:22.583,46.165,46.105000000000004,0.0001,0
28.09.2016 02:51:31.526,46.160000000000004,46.1,0.0001,0
28.09.2016 02:51:31.922,46.165,46.105000000000004,0.0001,0
28.09.2016 02:51:40.650,46.160000000000004,46.1,0.0001,0
28.09.2016 02:52:21.779,46.155,46.095,0.0001,0
28.09.2016 02:52:23.353,46.165,46.105000000000004,0.0001,0
28.09.2016 02:52:42.406,46.185,46.125,0.0001,0
28.09.2016 02:52:55.925,46.18,46.12,0.0001,0
28.09.2016 02:52:59.303,46.175000000000004,46.115,0.0001,0
28.09.2016 02:53:09.617,46.18,46.12,0.0001,0
28.09.2016 02:53:13.321,46.175000000000004,46.115,0.0001,0
28.09.2016 02:53:19.561,46.19,46.13,0.0001,0
28.09.2016 02:53:20.170,46.195,46.135,0.0001,0
28.09.2016 02:53:20.729,46.185,46.125,0.0001,0
28.09.2016 02:53:37.466,46.18,46.12,0.0001,0
28.09.2016 02:54:19.707,46.185,46.125,0.0001,0
28.09.2016 02:54:28.228,46.18,46.12,0.0001,0
28.09.2016 02:55:50.883,46.17,46.11,0.0001,0
28.09.2016 02:58:25.874,46.160000000000004,46.1,0.0001,0
28.09.2016 02:58:32.582,46.155,46.095,0.0001,0
28.09.2016 02:58:36.388,46.160000000000004,46.1,0.0001,0
28.09.2016 02:58:46.508,46.155,46.095,0.0001,0
28.09.2016 02:58:50.304,46.160000000000004,46.1,0.0001,0
28.09.2016 02:58:52.108,46.155,46.095,0.0001,0
28.09.2016 02:59:04.039,46.160000000000004,46.1,0.0001,0
28.09.2016 02:59:57.208,46.165,46.105000000000004,0.0001,0
28.09.2016 03:00:03.920,46.160000000000004,46.1,0.0001,0
28.09.2016 03:00:19.438,46.165,46.105000000000004,0.0001,0
28.09.2016 03:00:21.140,46.17,46.11,0.0001,0
28.09.2016 03:01:08.416,46.175000000000004,46.115,0.0001,0
28.09.2016 03:01:20.235,46.18,46.12,0.0001,0
28.09.2016 03:01:22.144,46.185,46.125,0.0001,0
28.09.2016 03:01:27.350,46.18,46.12,0.0001,0
28.09.2016 03:05:00.495,46.19,46.13,0.0001,0
28.09.2016 03:05:48.642,46.195,46.135,0.0001,0
28.09.2016 03:06:32.693,46.21,46.15,0.0001,0
28.09.2016 03:06:33.052,46.215,46.155,0.0001,0
28.09.2016 03:06:39.902,46.21,46.15,0.0001,0
28.09.2016 03:06:41.238,46.22,46.160000000000004,0.0001,0
28.09.2016 03:06:49.719,46.215,46.155,0.0001,0
28.09.2016 03:07:20.851,46.21,46.15,0.0001,0
28.09.2016 03:08:06.697,46.2,46.14,0.0001,0
28.09.2016 03:09:32.309,46.205,46.145,0.0001,0
28.09.2016 03:09:41.822,46.2,46.14,0.0001,0
28.09.2016 03:09:45.353,46.205,46.145,0.0001,0
28.09.2016 03:09:54.335,46.215,46.155,0.0001,0
28.09.2016 03:09:59.940,46.22,46.160000000000004,0.0001,0
28.09.2016 03:10:01.143,46.215,46.155,0.0001,0
28.09.2016 03:10:02.248,46.22,46.160000000000004,0.0001,0
28.09.2016 03:10:02.749,46.215,46.155,0.0001,0
28.09.2016 03:10:18.764,46.22,46.160000000000004,0.0001,0
28.09.2016 03:10:19.408,46.225,46.165,0.0001,0
28.09.2016 03:10:19.731,46.230000000000004,46.17,0.0001,0
28.09.2016 03:10:26.072,46.225,46.165,0.0001,0
28.09.2016 03:10:26.624,46.230000000000004,46.17,0.0001,0
28.09.2016 03:10:29.575,46.225,46.165,0.0001,0
28.09.2016 03:10:29.926,46.230000000000004,46.17,0.0001,0
28.09.2016 03:10:35.982,46.225,46.165,0.0001,0
28.09.2016 03:10:57.004,46.230000000000004,46.17,0.0001,0
28.09.2016 03:11:02.210,46.225,46.165,0.0001,0
28.09.2016 03:11:02.752,46.22,46.160000000000004,0.0001,0
28.09.2016 03:11:12.820,46.215,46.155,0.0001,0
28.09.2016 03:11:24.860,46.205,46.145,0.0001,0
28.09.2016 03:11:54.969,46.2,46.14,0.0001,0
28.09.2016 03:12:33.611,46.195,46.135,0.0001,0
28.09.2016 03:13:55.512,46.2,46.14,0.0001,0
28.09.2016 03:13:55.848,46.21,46.15,0.0001,0
28.09.2016 03:14:35.049,46.205,46.145,0.0001,0
28.09.2016 03:14:49.963,46.21,46.15,0.0001,0
28.09.2016 03:15:33.504,46.215,46.155,0.0001,0
28.09.2016 03:15:42.319,46.22,46.160000000000004,0.0001,0
28.09.2016 03:15:42.929,46.215,46.155,0.0001,0
28.09.2016 03:15:51.526,46.2,46.14,0.0001,0
28.09.2016 03:16:33.078,46.195,46.135,0.0001,0
28.09.2016 03:16:33.579,46.2,46.14,0.0001,0
28.09.2016 03:16:53.397,46.195,46.135,0.0001,0
28.09.2016 03:16:53.897,46.19,46.13,0.0001,0
28.09.2016 03:16:56.910,46.185,46.125,0.0001,0
28.09.2016 03:17:20.944,46.19,46.13,0.0001,0
28.09.2016 03:17:31.444,46.185,46.125,0.0001,0
28.09.2016 03:17:42.455,46.18,46.12,0.0001,0
28.09.2016 03:17:54.666,46.185,46.125,0.0001,0
28.09.2016 03:17:55.212,46.19,46.13,0.0001,0
28.09.2016 03:18:14.789,46.185,46.125,0.0001,0
28.09.2016 03:18:28.802,46.18,46.12,0.0001,0
28.09.2016 03:18:31.306,46.19,46.13,0.0001,0
28.09.2016 03:18:42.757,46.195,46.135,0.0001,0
28.09.2016 03:18:52.826,46.19,46.13,0.0001,0
28.09.2016 03:18:59.934,46.185,46.125,0.0001,0
28.09.2016 03:19:59.308,46.18,46.12,0.0001,0
28.09.2016 03:20:09.719,46.185,46.125,0.0001,0
28.09.2016 03:20:40.247,46.175000000000004,46.115,0.0001,0
28.09.2016 03:23:43.124,46.17,46.11,0.0001,0
28.09.2016 03:24:11.074,46.175000000000004,46.115,0.0001,0
28.09.2016 03:25:17.235,46.18,46.12,0.0001,0
28.09.2016 03:25:22.748,46.19,46.13,0.0001,0
28.09.2016 03:25:23.050,46.195,46.135,0.0001,0
28.09.2016 03:25:34.867,46.21,46.15,0.0001,0
28.09.2016 03:25:40.374,46.230000000000004,46.17,0.0001,0
28.09.2016 03:25:50.721,46.235,46.175000000000004,0.0001,0
28.09.2016 03:26:17.809,46.24,46.18,0.0001,0
28.09.2016 03:26:32.323,46.230000000000004,46.17,0.0001,0
28.09.2016 03:26:37.427,46.235,46.175000000000004,0.0001,0
28.09.2016 03:26:52.640,46.230000000000004,46.17,0.0001,0
28.09.2016 03:27:04.764,46.235,46.175000000000004,0.0001,0
28.09.2016 03:27:16.192,46.24,46.18,0.0001,0
28.09.2016 03:27:18.300,46.245,46.185,0.0001,0
28.09.2016 03:27:36.395,46.25,46.19,0.0001,0
28.09.2016 03:28:19.437,46.24,46.18,0.0001,0
28.09.2016 03:28:48.987,46.22,46.160000000000004,0.0001,0
28.09.2016 03:29:00.691,46.225,46.165,0.0001,0
28.09.2016 03:29:15.307,46.22,46.160000000000004,0.0001,0
28.09.2016 03:30:18.017,46.225,46.165,0.0001,0
28.09.2016 03:32:00.785,46.22,46.160000000000004,0.0001,0
28.09.2016 03:32:10.544,46.225,46.165,0.0001,0
28.09.2016 03:32:34.919,46.22,46.160000000000004,0.0001,0
28.09.2016 03:32:37.623,46.225,46.165,0.0001,0
28.09.2016 03:32:47.140,46.230000000000004,46.17,0.0001,0
28.09.2016 03:32:52.046,46.235,46.175000000000004,0.0001,0
28.09.2016 03:32:52.347,46.230000000000004,46.17,0.0001,0
28.09.2016 03:32:52.673,46.24,46.18,0.0001,0
28.09.2016 03:32:53.020,46.230000000000004,46.17,0.0001,0
28.09.2016 03:32:53.649,46.235,46.175000000000004,0.0001,0
28.09.2016 03:33:09.568,46.230000000000004,46.17,0.0001,0
28.09.2016 03:34:17.231,46.235,46.175000000000004,0.0001,0
28.09.2016 03:34:27.851,46.230000000000004,46.17,0.0001,0
28.09.2016 03:35:57.694,46.225,46.165,0.0001,0
28.09.2016 03:35:58.137,46.230000000000004,46.17,0.0001,0
28.09.2016 03:36:02.852,46.22,46.160000000000004,0.0001,0
28.09.2016 03:37:11.731,46.215,46.155,0.0001,0
28.09.2016 03:40:35.232,46.21,46.15,0.0001,0
28.09.2016 03:40:35.622,46.205,46.145,0.0001,0
28.09.2016 03:42:51.580,46.195,46.135,0.0001,0
28.09.2016 03:42:56.485,46.2,46.14,0.0001,0
28.09.2016 03:43:01.190,46.205,46.145,0.0001,0
28.09.2016 03:43:11.215,46.2,46.14,0.0001,0
28.09.2016 03:43:22.809,46.205,46.145,0.0001,0
28.09.2016 03:43:24.010,46.2,46.14,0.0001,0
28.09.2016 03:43:36.824,46.195,46.135,0.0001,0
28.09.2016 03:45:57.358,46.19,46.13,0.0001,0
28.09.2016 03:46:10.682,46.185,46.125,0.0001,0
28.09.2016 03:46:18.589,46.18,46.12,0.0001,0
28.09.2016 03:46:29.606,46.175000000000004,46.115,0.0001,0
28.09.2016 03:47:01.568,46.160000000000004,46.1,0.0001,0
28.09.2016 03:47:13.458,46.155,46.095,0.0001,0
28.09.2016 03:47:14.760,46.160000000000004,46.1,0.0001,0
28.09.2016 03:47:20.165,46.165,46.105000000000004,0.0001,0
28.09.2016 03:47:20.581,46.155,46.095,0.0001,0
28.09.2016 03:47:31.277,46.145,46.085,0.0001,0
28.09.2016 03:47:38.384,46.155,46.095,0.0001,0
28.09.2016 03:47:43.790,46.15,46.09,0.0001,0
28.09.2016 03:47:46.837,46.145,46.085,0.0001,0
28.09.2016 03:47:49.996,46.13,46.07,0.0001,0
28.09.2016 03:47:50.397,46.125,46.065,0.0001,0
28.09.2016 03:48:03.224,46.12,46.06,0.0001,0
28.09.2016 03:48:05.522,46.125,46.065,0.0001,0
28.09.2016 03:48:19.342,46.115,46.055,0.0001,0
28.09.2016 03:48:19.943,46.125,46.065,0.0001,0
28.09.2016 03:48:27.151,46.13,46.07,0.0001,0
28.09.2016 03:48:32.557,46.12,46.06,0.0001,0
28.09.2016 03:49:07.097,46.115,46.055,0.0001,0
28.09.2016 03:49:28.517,46.11,46.050000000000004,0.0001,0
28.09.2016 03:49:43.833,46.115,46.055,0.0001,0
28.09.2016 03:50:00.449,46.105000000000004,46.045,0.0001,0
28.09.2016 03:50:01.354,46.09,46.03,0.0001,0
28.09.2016 03:50:01.712,46.085,46.025,0.0001,0
28.09.2016 03:50:04.357,46.09,46.03,0.0001,0
28.09.2016 03:50:10.130,46.095,46.035000000000004,0.0001,0
28.09.2016 03:50:19.172,46.09,46.03,0.0001,0
28.09.2016 03:50:50.798,46.095,46.035000000000004,0.0001,0
28.09.2016 03:51:13.218,46.1,46.04,0.0001,0
28.09.2016 03:51:14.928,46.11,46.050000000000004,0.0001,0
28.09.2016 03:51:19.925,46.095,46.035000000000004,0.0001,0
28.09.2016 03:51:20.306,46.1,46.04,0.0001,0
28.09.2016 03:51:29.433,46.095,46.035000000000004,0.0001,0
28.09.2016 03:53:17.737,46.1,46.04,0.0001,0
28.09.2016 03:53:33.251,46.095,46.035000000000004,0.0001,0
28.09.2016 03:54:17.891,46.1,46.04,0.0001,0
28.09.2016 03:54:43.616,46.095,46.035000000000004,0.0001,0
28.09.2016 03:54:46.720,46.1,46.04,0.0001,0
28.09.2016 03:55:12.346,46.095,46.035000000000004,0.0001,0
28.09.2016 03:56:58.774,46.095,46.035000000000004,0.0001,0
28.09.2016 03:56:59.187,46.1,46.04,0.0001,0
28.09.2016 03:57:03.889,46.095,46.035000000000004,0.0001,0
28.09.2016 03:57:05.090,46.105000000000004,46.045,0.0001,0
28.09.2016 03:57:26.313,46.11,46.050000000000004,0.0001,0
28.09.2016 03:58:18.659,46.12,46.06,0.0001,0
28.09.2016 03:58:42.281,46.125,46.065,0.0001,0
28.09.2016 03:59:04.903,46.11,46.050000000000004,0.0001,0
28.09.2016 03:59:23.792,46.105000000000004,46.045,0.0001,0
28.09.2016 03:59:37.807,46.115,46.055,0.0001,0
28.09.2016 03:59:57.525,46.105000000000004,46.045,0.0001,0
28.09.2016 04:00:39.906,46.1,46.04,0.0001,0
28.09.2016 04:01:10.001,46.105000000000004,46.045,0.0001,0
28.09.2016 04:01:21.522,46.11,46.050000000000004,0.0001,0
28.09.2016 04:01:24.028,46.115,46.055,0.0001,0
28.09.2016 04:01:38.638,46.125,46.065,0.0001,0
28.09.2016 04:02:48.021,46.135,46.075,0.0001,0
28.09.2016 04:02:48.816,46.14,46.08,0.0001,0
28.09.2016 04:02:49.289,46.15,46.09,0.0001,0
28.09.2016 04:03:00.939,46.145,46.085,0.0001,0
28.09.2016 04:05:17.047,46.145,46.085,0.0001,0
28.09.2016 04:05:28.662,46.14,46.08,0.0001,0
28.09.2016 04:05:37.772,46.145,46.085,0.0001,0
28.09.2016 04:06:29.842,46.13,46.07,0.0001,0
28.09.2016 04:07:00.818,46.145,46.085,0.0001,0
28.09.2016 04:08:14.352,46.155,46.095,0.0001,0
28.09.2016 04:08:14.750,46.160000000000004,46.1,0.0001,0
28.09.2016 04:08:58.891,46.155,46.095,0.0001,0
28.09.2016 04:09:14.241,46.160000000000004,46.1,0.0001,0
28.09.2016 04:09:16.719,46.165,46.105000000000004,0.0001,0
28.09.2016 04:09:37.339,46.17,46.11,0.0001,0
28.09.2016 04:10:39.220,46.165,46.105000000000004,0.0001,0
28.09.2016 04:10:55.335,46.155,46.095,0.0001,0
28.09.2016 04:11:08.248,46.160000000000004,46.1,0.0001,0
28.09.2016 04:12:23.921,46.165,46.105000000000004,0.0001,0
28.09.2016 04:12:39.837,46.17,46.11,0.0001,0
28.09.2016 04:13:34.089,46.175000000000004,46.115,0.0001,0
28.09.2016 04:13:34.585,46.17,46.11,0.0001,0
28.09.2016 04:13:38.294,46.175000000000004,46.115,0.0001,0
28.09.2016 04:13:48.850,46.18,46.12,0.0001,0
28.09.2016 04:13:58.822,46.185,46.125,0.0001,0
28.09.2016 04:14:03.362,46.19,46.13,0.0001,0
28.09.2016 04:15:27.628,46.195,46.135,0.0001,0
28.09.2016 04:15:28.051,46.19,46.13,0.0001,0
28.09.2016 04:15:31.833,46.195,46.135,0.0001,0
28.09.2016 04:15:32.429,46.2,46.14,0.0001,0
28.09.2016 04:15:45.944,46.195,46.135,0.0001,0
28.09.2016 04:17:26.553,46.2,46.14,0.0001,0
28.09.2016 04:17:39.564,46.21,46.15,0.0001,0
28.09.2016 04:18:44.342,46.205,46.145,0.0001,0
28.09.2016 04:18:44.768,46.195,46.135,0.0001,0
28.09.2016 04:19:06.606,46.19,46.13,0.0001,0
28.09.2016 04:19:07.217,46.185,46.125,0.0001,0
28.09.2016 04:19:36.195,46.18,46.12,0.0001,0
28.09.2016 04:20:15.232,46.17,46.11,0.0001,0
28.09.2016 04:20:52.071,46.175000000000004,46.115,0.0001,0
28.09.2016 04:20:52.680,46.185,46.125,0.0001,0
28.09.2016 04:20:53.287,46.18,46.12,0.0001,0
28.09.2016 04:20:57.974,46.175000000000004,46.115,0.0001,0
28.09.2016 04:21:14.208,46.17,46.11,0.0001,0
28.09.2016 04:21:21.107,46.18,46.12,0.0001,0
28.09.2016 04:21:21.455,46.185,46.125,0.0001,0
28.09.2016 04:21:26.604,46.195,46.135,0.0001,0
28.09.2016 04:21:27.802,46.2,46.14,0.0001,0
28.09.2016 04:21:32.308,46.205,46.145,0.0001,0
28.09.2016 04:21:33.423,46.195,46.135,0.0001,0
28.09.2016 04:21:34.611,46.205,46.145,0.0001,0
28.09.2016 04:21:46.750,46.2,46.14,0.0001,0
28.09.2016 04:22:06.543,46.195,46.135,0.0001,0
28.09.2016 04:24:25.007,46.2,46.14,0.0001,0
28.09.2016 04:24:35.900,46.205,46.145,0.0001,0
28.09.2016 04:24:38.502,46.21,46.15,0.0001,0
28.09.2016 04:24:43.620,46.215,46.155,0.0001,0
28.09.2016 04:24:43.974,46.21,46.15,0.0001,0
28.09.2016 04:25:02.930,46.2,46.14,0.0001,0
28.09.2016 04:26:59.452,46.195,46.135,0.0001,0
28.09.2016 04:26:59.935,46.19,46.13,0.0001,0
28.09.2016 04:28:59.487,46.185,46.125,0.0001,0
28.09.2016 04:29:37.968,46.18,46.12,0.0001,0
28.09.2016 04:29:38.422,46.17,46.11,0.0001,0
28.09.2016 04:29:45.728,46.175000000000004,46.115,0.0001,0
28.09.2016 04:29:46.766,46.17,46.11,0.0001,0
28.09.2016 04:30:00.441,46.18,46.12,0.0001,0
28.09.2016 04:30:00.741,46.185,46.125,0.0001,0
28.09.2016 04:31:20.724,46.17,46.11,0.0001,0
28.09.2016 04:31:25.628,46.18,46.12,0.0001,0
28.09.2016 04:33:30.263,46.185,46.125,0.0001,0
28.09.2016 04:34:37.826,46.18,46.12,0.0001,0
28.09.2016 04:35:13.063,46.185,46.125,0.0001,0
28.09.2016 04:35:52.599,46.18,46.12,0.0001,0
28.09.2016 04:37:56.473,46.195,46.105000000000004,0.0001,0
28.09.2016 04:38:02.806,46.185,46.125,0.0001,0
28.09.2016 04:42:33.177,46.175000000000004,46.115,0.0001,0
28.09.2016 04:44:15.968,46.17,46.11,0.0001,0
28.09.2016 04:44:16.574,46.175000000000004,46.115,0.0001,0
28.09.2016 04:44:56.123,46.18,46.12,0.0001,0
28.09.2016 04:45:23.261,46.175000000000004,46.115,0.0001,0
28.09.2016 04:45:30.472,46.185,46.125,0.0001,0
28.09.2016 04:45:41.586,46.19,46.13,0.0001,0
28.09.2016 04:46:19.732,46.195,46.135,0.0001,0
28.09.2016 04:46:51.513,46.19,46.13,0.0001,0
28.09.2016 04:46:58.091,46.185,46.125,0.0001,0
28.09.2016 04:47:14.723,46.19,46.13,0.0001,0
28.09.2016 04:48:09.108,46.195,46.135,0.0001,0
28.09.2016 04:48:49.238,46.185,46.125,0.0001,0
28.09.2016 04:49:00.692,46.18,46.12,0.0001,0
28.09.2016 04:49:05.159,46.175000000000004,46.115,0.0001,0
28.09.2016 04:49:44.717,46.17,46.11,0.0001,0
28.09.2016 04:53:05.601,46.175000000000004,46.115,0.0001,0
28.09.2016 04:54:30.309,46.17,46.11,0.0001,0
28.09.2016 05:00:04.264,46.165,46.105000000000004,0.0001,0
28.09.2016 05:00:22.086,46.160000000000004,46.1,0.0001,0
28.09.2016 05:00:40.206,46.155,46.095,0.0001,0
28.09.2016 05:00:50.747,46.15,46.09,0.0001,0
28.09.2016 05:01:12.648,46.145,46.085,0.0001,0
28.09.2016 05:04:06.381,46.14,46.08,0.0001,0
28.09.2016 05:04:16.727,46.145,46.085,0.0001,0
28.09.2016 05:04:30.944,46.14,46.08,0.0001,0
28.09.2016 05:05:03.287,46.135,46.075,0.0001,0
28.09.2016 05:05:27.423,46.14,46.08,0.0001,0
28.09.2016 05:06:56.034,46.145,46.085,0.0001,0
28.09.2016 05:07:35.286,46.14,46.08,0.0001,0
28.09.2016 05:08:27.368,46.145,46.085,0.0001,0
28.09.2016 05:09:05.495,46.155,46.095,0.0001,0
28.09.2016 05:09:05.881,46.15,46.09,0.0001,0
28.09.2016 05:10:59.349,46.155,46.095,0.0001,0
28.09.2016 05:10:59.715,46.15,46.09,0.0001,0
28.09.2016 05:11:26.186,46.155,46.095,0.0001,0
28.09.2016 05:11:44.517,46.165,46.105000000000004,0.0001,0
28.09.2016 05:12:32.995,46.175000000000004,46.095,0.0001,0
28.09.2016 05:12:41.193,46.165,46.105000000000004,0.0001,0
28.09.2016 05:13:19.440,46.160000000000004,46.1,0.0001,0
28.09.2016 05:14:49.970,46.155,46.095,0.0001,0
28.09.2016 05:17:51.295,46.15,46.09,0.0001,0
28.09.2016 05:19:25.342,46.155,46.095,0.0001,0
28.09.2016 05:20:43.734,46.15,46.09,0.0001,0
28.09.2016 05:23:18.799,46.155,46.095,0.0001,0
28.09.2016 05:25:10.233,46.17,46.11,0.0001,0
28.09.2016 05:25:20.316,46.175000000000004,46.115,0.0001,0
28.09.2016 05:26:00.359,46.17,46.11,0.0001,0
28.09.2016 05:27:29.233,46.175000000000004,46.115,0.0001,0
28.09.2016 05:27:46.050,46.17,46.11,0.0001,0
28.09.2016 05:28:25.805,46.175000000000004,46.115,0.0001,0
28.09.2016 05:28:27.711,46.17,46.11,0.0001,0
28.09.2016 05:32:36.146,46.165,46.105000000000004,0.0001,0
28.09.2016 05:32:36.550,46.160000000000004,46.1,0.0001,0
28.09.2016 05:32:37.031,46.165,46.105000000000004,0.0001,0
28.09.2016 05:32:44.939,46.160000000000004,46.1,0.0001,0
28.09.2016 05:32:45.844,46.165,46.105000000000004,0.0001,0
28.09.2016 05:33:03.982,46.160000000000004,46.1,0.0001,0
28.09.2016 05:33:22.701,46.165,46.105000000000004,0.0001,0
28.09.2016 05:33:36.357,46.160000000000004,46.1,0.0001,0
28.09.2016 05:33:36.709,46.165,46.105000000000004,0.0001,0
28.09.2016 05:33:57.879,46.160000000000004,46.1,0.0001,0
28.09.2016 05:39:30.723,46.17,46.11,0.0001,0
28.09.2016 05:39:47.441,46.175000000000004,46.115,0.0001,0
28.09.2016 05:40:46.140,46.17,46.11,0.0001,0
28.09.2016 05:40:51.445,46.185,46.125,0.0001,0
28.09.2016 05:41:02.318,46.19,46.13,0.0001,0
28.09.2016 05:41:13.396,46.185,46.125,0.0001,0
28.09.2016 05:41:18.706,46.19,46.13,0.0001,0
28.09.2016 05:41:30.181,46.185,46.125,0.0001,0
28.09.2016 05:42:49.034,46.19,46.13,0.0001,0
28.09.2016 05:43:05.499,46.185,46.125,0.0001,0
28.09.2016 05:43:15.967,46.18,46.12,0.0001,0
28.09.2016 05:44:03.475,46.185,46.125,0.0001,0
28.09.2016 05:44:35.273,46.18,46.12,0.0001,0
28.09.2016 05:45:04.314,46.175000000000004,46.115,0.0001,0
28.09.2016 05:45:10.222,46.18,46.12,0.0001,0
28.09.2016 05:45:10.928,46.165,46.105000000000004,0.0001,0
28.09.2016 05:45:14.225,46.175000000000004,46.115,0.0001,0
28.09.2016 05:45:20.436,46.17,46.11,0.0001,0
28.09.2016 05:45:23.010,46.185,46.125,0.0001,0
28.09.2016 05:45:30.344,46.2,46.14,0.0001,0
28.09.2016 05:45:33.151,46.205,46.145,0.0001,0
28.09.2016 05:45:34.752,46.215,46.155,0.0001,0
28.09.2016 05:45:35.890,46.22,46.160000000000004,0.0001,0
28.09.2016 05:45:38.156,46.215,46.155,0.0001,0
28.09.2016 05:45:40.058,46.22,46.160000000000004,0.0001,0
28.09.2016 05:45:50.069,46.230000000000004,46.17,0.0001,0
28.09.2016 05:45:54.373,46.225,46.165,0.0001,0
28.09.2016 05:46:00.278,46.230000000000004,46.17,0.0001,0
28.09.2016 05:46:00.980,46.225,46.165,0.0001,0
28.09.2016 05:46:04.284,46.230000000000004,46.17,0.0001,0
28.09.2016 05:46:07.087,46.225,46.165,0.0001,0
28.09.2016 05:46:10.391,46.215,46.155,0.0001,0
28.09.2016 05:46:24.305,46.22,46.160000000000004,0.0001,0
28.09.2016 05:46:30.315,46.215,46.155,0.0001,0
28.09.2016 05:46:30.817,46.22,46.160000000000004,0.0001,0
28.09.2016 05:46:34.218,46.215,46.155,0.0001,0
28.09.2016 05:46:34.551,46.22,46.160000000000004,0.0001,0
28.09.2016 05:46:40.230,46.215,46.155,0.0001,0
28.09.2016 05:46:46.147,46.22,46.160000000000004,0.0001,0
28.09.2016 05:47:04.902,46.215,46.155,0.0001,0
28.09.2016 05:47:41.513,46.225,46.165,0.0001,0
28.09.2016 05:47:45.119,46.230000000000004,46.17,0.0001,0
28.09.2016 05:47:48.222,46.225,46.165,0.0001,0
28.09.2016 05:49:01.553,46.22,46.160000000000004,0.0001,0
28.09.2016 05:49:16.234,46.225,46.165,0.0001,0
28.09.2016 05:49:21.149,46.230000000000004,46.17,0.0001,0
28.09.2016 05:49:51.290,46.235,46.175000000000004,0.0001,0
28.09.2016 05:50:09.114,46.24,46.18,0.0001,0
28.09.2016 05:50:42.770,46.245,46.185,0.0001,0
28.09.2016 05:51:34.748,46.25,46.19,0.0001,0
28.09.2016 05:51:35.207,46.255,46.195,0.0001,0
28.09.2016 05:51:46.880,46.25,46.19,0.0001,0
28.09.2016 05:51:59.779,46.255,46.195,0.0001,0
28.09.2016 05:52:04.197,46.25,46.19,0.0001,0
28.09.2016 05:52:12.310,46.245,46.185,0.0001,0
28.09.2016 05:52:24.526,46.24,46.18,0.0001,0
28.09.2016 05:52:28.357,46.225,46.165,0.0001,0
28.09.2016 05:52:38.842,46.22,46.160000000000004,0.0001,0
28.09.2016 05:54:09.566,46.225,46.165,0.0001,0
28.09.2016 05:54:09.900,46.230000000000004,46.17,0.0001,0
28.09.2016 05:54:29.483,46.235,46.175000000000004,0.0001,0
28.09.2016 05:54:34.935,46.24,46.18,0.0001,0
28.09.2016 05:54:39.325,46.245,46.185,0.0001,0
28.09.2016 05:54:52.518,46.25,46.19,0.0001,0
28.09.2016 05:55:02.728,46.245,46.185,0.0001,0
28.09.2016 05:55:13.787,46.24,46.18,0.0001,0
28.09.2016 05:55:39.886,46.230000000000004,46.17,0.0001,0
28.09.2016 05:56:04.123,46.22,46.160000000000004,0.0001,0
28.09.2016 05:56:29.147,46.225,46.165,0.0001,0
28.09.2016 05:56:45.264,46.215,46.155,0.0001,0
28.09.2016 05:57:02.884,46.225,46.165,0.0001,0
28.09.2016 05:57:07.391,46.215,46.155,0.0001,0
28.09.2016 05:57:07.935,46.22,46.160000000000004,0.0001,0
28.09.2016 05:57:46.938,46.230000000000004,46.17,0.0001,0
28.09.2016 05:58:27.692,46.235,46.175000000000004,0.0001,0
28.09.2016 05:58:28.693,46.225,46.165,0.0001,0
28.09.2016 05:58:39.607,46.230000000000004,46.17,0.0001,0
28.09.2016 05:59:17.274,46.235,46.175000000000004,0.0001,0
28.09.2016 05:59:56.722,46.230000000000004,46.17,0.0001,0
28.09.2016 06:00:01.840,46.235,46.175000000000004,0.0001,0
28.09.2016 06:00:02.195,46.24,46.18,0.0001,0
28.09.2016 06:00:02.525,46.235,46.175000000000004,0.0001,0
28.09.2016 06:00:05.046,46.24,46.18,0.0001,0
28.09.2016 06:00:41.990,46.245,46.185,0.0001,0
28.09.2016 06:01:53.309,46.25,46.19,0.0001,0
28.09.2016 06:03:46.572,46.255,46.195,0.0001,0
28.09.2016 06:05:46.914,46.245,46.185,0.0001,0
28.09.2016 06:05:47.256,46.25,46.19,0.0001,0
28.09.2016 06:05:50.819,46.255,46.195,0.0001,0
28.09.2016 06:06:00.332,46.25,46.19,0.0001,0
28.09.2016 06:06:00.833,46.245,46.185,0.0001,0
28.09.2016 06:06:16.763,46.24,46.18,0.0001,0
28.09.2016 06:06:30.880,46.245,46.185,0.0001,0
28.09.2016 06:07:20.841,46.24,46.18,0.0001,0
28.09.2016 06:07:27.852,46.245,46.185,0.0001,0
28.09.2016 06:07:39.969,46.25,46.19,0.0001,0
28.09.2016 06:07:57.691,46.255,46.195,0.0001,0
28.09.2016 06:08:13.058,46.245,46.185,0.0001,0
28.09.2016 06:08:26.740,46.255,46.195,0.0001,0
28.09.2016 06:08:53.894,46.25,46.19,0.0001,0
28.09.2016 06:09:11.414,46.255,46.195,0.0001,0
28.09.2016 06:09:31.634,46.245,46.185,0.0001,0
28.09.2016 06:09:32.113,46.25,46.19,0.0001,0
28.09.2016 06:09:32.536,46.245,46.185,0.0001,0
28.09.2016 06:09:33.101,46.255,46.195,0.0001,0
28.09.2016 06:09:37.941,46.245,46.185,0.0001,0
28.09.2016 06:09:38.441,46.25,46.19,0.0001,0
28.09.2016 06:09:56.458,46.245,46.185,0.0001,0
28.09.2016 06:10:06.045,46.24,46.18,0.0001,0
28.09.2016 06:10:12.375,46.245,46.185,0.0001,0
28.09.2016 06:10:21.583,46.24,46.18,0.0001,0
28.09.2016 06:10:23.084,46.245,46.185,0.0001,0
28.09.2016 06:10:23.585,46.24,46.18,0.0001,0
28.09.2016 06:10:39.800,46.25,46.19,0.0001,0
28.09.2016 06:10:44.804,46.245,46.185,0.0001,0
28.09.2016 06:10:45.405,46.25,46.19,0.0001,0
28.09.2016 06:10:46.678,46.245,46.185,0.0001,0
28.09.2016 06:10:56.318,46.25,46.19,0.0001,0
28.09.2016 06:11:36.553,46.255,46.195,0.0001,0
28.09.2016 06:11:40.056,46.25,46.19,0.0001,0
28.09.2016 06:14:57.665,46.255,46.195,0.0001,0
28.09.2016 06:17:27.894,46.25,46.19,0.0001,0
28.09.2016 06:18:20.793,46.245,46.185,0.0001,0
28.09.2016 06:18:22.495,46.25,46.19,0.0001,0
28.09.2016 06:18:27.400,46.245,46.185,0.0001,0
28.09.2016 06:18:34.421,46.25,46.19,0.0001,0
28.09.2016 06:18:58.452,46.245,46.185,0.0001,0
28.09.2016 06:19:59.842,46.24,46.18,0.0001,0
28.09.2016 06:20:35.463,46.245,46.185,0.0001,0
28.09.2016 06:24:00.023,46.25,46.19,0.0001,0
28.09.2016 06:26:03.304,46.26,46.2,0.0001,0
28.09.2016 06:26:03.775,46.255,46.195,0.0001,0
28.09.2016 06:26:29.007,46.26,46.2,0.0001,0
28.09.2016 06:26:30.710,46.265,46.205,0.0001,0
28.09.2016 06:26:38.420,46.26,46.2,0.0001,0
28.09.2016 06:28:08.433,46.275,46.185,0.0001,0
28.09.2016 06:28:18.246,46.26,46.2,0.0001,0
28.09.2016 06:30:10.913,46.255,46.195,0.0001,0
28.09.2016 06:30:33.857,46.25,46.19,0.0001,0
28.09.2016 06:30:42.603,46.255,46.195,0.0001,0
28.09.2016 06:31:30.558,46.265,46.205,0.0001,0
28.09.2016 06:32:44.785,46.26,46.2,0.0001,0
28.09.2016 06:33:00.773,46.255,46.195,0.0001,0
28.09.2016 06:33:14.386,46.26,46.2,0.0001,0
28.09.2016 06:33:20.697,46.255,46.195,0.0001,0
28.09.2016 06:33:21.033,46.26,46.2,0.0001,0
28.09.2016 06:36:31.244,46.265,46.205,0.0001,0
28.09.2016 06:37:19.495,46.26,46.2,0.0001,0
28.09.2016 06:38:54.795,46.25,46.19,0.0001,0
28.09.2016 06:38:56.414,46.255,46.195,0.0001,0
28.09.2016 06:39:16.102,46.25,46.19,0.0001,0
28.09.2016 06:40:00.970,46.245,46.185,0.0001,0
28.09.2016 06:40:12.700,46.25,46.19,0.0001,0
28.09.2016 06:40:13.310,46.255,46.195,0.0001,0
28.09.2016 06:40:19.792,46.25,46.19,0.0001,0
28.09.2016 06:41:30.684,46.25,46.19,0.0001,0
28.09.2016 06:41:32.179,46.245,46.185,0.0001,0
28.09.2016 06:41:41.306,46.24,46.18,0.0001,0
28.09.2016 06:41:52.412,46.245,46.185,0.0001,0
28.09.2016 06:42:46.493,46.235,46.175000000000004,0.0001,0
28.09.2016 06:42:51.660,46.22,46.160000000000004,0.0001,0
28.09.2016 06:42:51.993,46.225,46.165,0.0001,0
28.09.2016 06:43:08.725,46.22,46.160000000000004,0.0001,0
28.09.2016 06:43:09.246,46.21,46.15,0.0001,0
28.09.2016 06:43:15.434,46.215,46.155,0.0001,0
28.09.2016 06:43:25.774,46.21,46.15,0.0001,0
28.09.2016 06:44:32.938,46.205,46.145,0.0001,0
28.09.2016 06:44:47.057,46.2,46.14,0.0001,0
28.09.2016 06:44:55.481,46.205,46.145,0.0001,0
28.09.2016 06:45:22.320,46.215,46.155,0.0001,0
28.09.2016 06:45:23.612,46.21,46.15,0.0001,0
28.09.2016 06:45:40.131,46.205,46.145,0.0001,0
28.09.2016 06:45:58.247,46.21,46.15,0.0001,0
28.09.2016 06:48:06.117,46.205,46.145,0.0001,0
28.09.2016 06:48:06.674,46.21,46.15,0.0001,0
28.09.2016 06:50:30.314,46.205,46.145,0.0001,0
28.09.2016 06:50:59.862,46.21,46.15,0.0001,0
28.09.2016 06:52:55.135,46.205,46.145,0.0001,0
28.09.2016 06:53:04.458,46.21,46.15,0.0001,0
28.09.2016 06:53:40.925,46.205,46.145,0.0001,0
28.09.2016 06:56:26.807,46.2,46.14,0.0001,0
28.09.2016 06:56:41.225,46.205,46.145,0.0001,0
28.09.2016 06:57:00.851,46.195,46.135,0.0001,0
28.09.2016 06:57:05.456,46.19,46.13,0.0001,0
28.09.2016 06:57:37.699,46.195,46.135,0.0001,0
28.09.2016 06:57:43.607,46.205,46.145,0.0001,0
28.09.2016 06:57:48.427,46.21,46.15,0.0001,0
28.09.2016 06:58:02.669,46.22,46.160000000000004,0.0001,0
28.09.2016 06:58:05.042,46.225,46.165,0.0001,0
28.09.2016 06:58:17.196,46.230000000000004,46.17,0.0001,0
28.09.2016 06:58:17.563,46.225,46.165,0.0001,0
28.09.2016 06:58:33.474,46.230000000000004,46.17,0.0001,0
28.09.2016 06:58:33.969,46.22,46.160000000000004,0.0001,0
28.09.2016 06:58:36.974,46.21,46.15,0.0001,0
28.09.2016 06:58:37.875,46.2,46.14,0.0001,0
28.09.2016 06:59:07.814,46.205,46.145,0.0001,0
28.09.2016 06:59:08.220,46.2,46.14,0.0001,0
28.09.2016 06:59:29.346,46.205,46.145,0.0001,0
28.09.2016 06:59:31.049,46.21,46.15,0.0001,0
28.09.2016 07:00:00.490,46.205,46.145,0.0001,0
28.09.2016 07:00:00.939,46.21,46.15,0.0001,0
28.09.2016 07:00:07.015,46.205,46.145,0.0001,0
28.09.2016 07:00:15.534,46.21,46.15,0.0001,0
28.09.2016 07:00:16.030,46.2,46.14,0.0001,0
28.09.2016 07:00:30.463,46.19,46.13,0.0001,0
28.09.2016 07:01:36.973,46.185,46.125,0.0001,0
28.09.2016 07:01:48.971,46.18,46.12,0.0001,0
28.09.2016 07:01:49.472,46.185,46.125,0.0001,0
28.09.2016 07:01:56.106,46.19,46.13,0.0001,0
28.09.2016 07:02:16.815,46.185,46.125,0.0001,0
28.09.2016 07:02:29.339,46.18,46.12,0.0001,0
28.09.2016 07:03:40.270,46.175000000000004,46.115,0.0001,0
28.09.2016 07:03:53.887,46.18,46.12,0.0001,0
28.09.2016 07:04:05.201,46.185,46.125,0.0001,0
28.09.2016 07:04:11.105,46.18,46.12,0.0001,0
28.09.2016 07:04:11.641,46.175000000000004,46.115,0.0001,0
28.09.2016 07:04:20.519,46.185,46.125,0.0001,0
28.09.2016 07:04:22.922,46.18,46.12,0.0001,0
28.09.2016 07:04:28.623,46.185,46.125,0.0001,0
28.09.2016 07:04:45.372,46.19,46.13,0.0001,0
28.09.2016 07:04:58.085,46.185,46.125,0.0001,0
28.09.2016 07:05:06.327,46.19,46.13,0.0001,0
28.09.2016 07:05:20.712,46.185,46.125,0.0001,0
28.09.2016 07:05:23.513,46.175000000000004,46.115,0.0001,0
28.09.2016 07:05:32.664,46.18,46.12,0.0001,0
28.09.2016 07:05:43.140,46.19,46.13,0.0001,0
28.09.2016 07:06:10.069,46.195,46.135,0.0001,0
28.09.2016 07:06:14.174,46.19,46.13,0.0001,0
28.09.2016 07:06:53.214,46.195,46.135,0.0001,0
28.09.2016 07:07:11.842,46.2,46.14,0.0001,0
28.09.2016 07:07:12.248,46.195,46.135,0.0001,0
28.09.2016 07:07:29.930,46.2,46.14,0.0001,0
28.09.2016 07:07:30.430,46.195,46.135,0.0001,0
28.09.2016 07:07:32.291,46.2,46.14,0.0001,0
28.09.2016 07:08:04.122,46.195,46.135,0.0001,0
28.09.2016 07:08:45.772,46.185,46.125,0.0001,0
28.09.2016 07:08:46.072,46.19,46.13,0.0001,0
28.09.2016 07:08:59.896,46.195,46.135,0.0001,0
28.09.2016 07:09:02.610,46.19,46.13,0.0001,0
28.09.2016 07:09:10.402,46.185,46.125,0.0001,0
28.09.2016 07:09:59.100,46.18,46.12,0.0001,0
28.09.2016 07:10:00.701,46.175000000000004,46.115,0.0001,0
28.09.2016 07:10:07.171,46.185,46.125,0.0001,0
28.09.2016 07:10:07.588,46.18,46.12,0.0001,0
28.09.2016 07:10:26.392,46.175000000000004,46.115,0.0001,0
28.09.2016 07:10:54.719,46.18,46.12,0.0001,0
28.09.2016 07:11:05.933,46.165,46.105000000000004,0.0001,0
28.09.2016 07:11:06.301,46.155,46.095,0.0001,0
28.09.2016 07:11:12.843,46.160000000000004,46.1,0.0001,0
28.09.2016 07:11:15.149,46.15,46.09,0.0001,0
28.09.2016 07:11:15.617,46.145,46.085,0.0001,0
28.09.2016 07:11:26.565,46.15,46.09,0.0001,0
28.09.2016 07:11:38.779,46.14,46.08,0.0001,0
28.09.2016 07:11:44.785,46.145,46.085,0.0001,0
28.09.2016 07:11:46.788,46.155,46.095,0.0001,0
28.09.2016 07:12:02.906,46.15,46.09,0.0001,0
28.09.2016 07:12:22.053,46.145,46.085,0.0001,0
28.09.2016 07:12:32.646,46.15,46.09,0.0001,0
28.09.2016 07:12:51.882,46.160000000000004,46.1,0.0001,0
28.09.2016 07:12:53.632,46.175000000000004,46.115,0.0001,0
28.09.2016 07:12:54.516,46.19,46.13,0.0001,0
28.09.2016 07:12:54.967,46.185,46.125,0.0001,0
28.09.2016 07:12:57.471,46.175000000000004,46.115,0.0001,0
28.09.2016 07:13:01.815,46.165,46.105000000000004,0.0001,0
28.09.2016 07:13:02.425,46.17,46.11,0.0001,0
28.09.2016 07:13:05.785,46.165,46.105000000000004,0.0001,0
28.09.2016 07:13:26.435,46.15,46.09,0.0001,0
28.09.2016 07:13:38.851,46.155,46.095,0.0001,0
28.09.2016 07:13:53.576,46.160000000000004,46.1,0.0001,0
28.09.2016 07:13:55.469,46.17,46.11,0.0001,0
28.09.2016 07:14:00.474,46.185,46.125,0.0001,0
28.09.2016 07:14:06.323,46.19,46.13,0.0001,0
28.09.2016 07:14:08.382,46.195,46.135,0.0001,0
28.09.2016 07:14:08.871,46.19,46.13,0.0001,0
28.09.2016 07:14:22.514,46.185,46.125,0.0001,0
28.09.2016 07:14:28.721,46.18,46.12,0.0001,0
28.09.2016 07:14:29.243,46.185,46.125,0.0001,0
28.09.2016 07:14:37.035,46.18,46.12,0.0001,0
28.09.2016 07:14:39.681,46.185,46.125,0.0001,0
28.09.2016 07:14:50.650,46.19,46.13,0.0001,0
28.09.2016 07:14:54.256,46.185,46.125,0.0001,0
28.09.2016 07:14:57.160,46.18,46.12,0.0001,0
28.09.2016 07:14:59.365,46.175000000000004,46.115,0.0001,0
28.09.2016 07:14:59.766,46.165,46.105000000000004,0.0001,0
28.09.2016 07:15:00.969,46.160000000000004,46.1,0.0001,0
28.09.2016 07:15:02.473,46.165,46.105000000000004,0.0001,0
28.09.2016 07:15:03.275,46.160000000000004,46.1,0.0001,0
28.09.2016 07:15:04.176,46.155,46.095,0.0001,0
28.09.2016 07:15:05.178,46.15,46.09,0.0001,0
28.09.2016 07:15:05.479,46.14,46.08,0.0001,0
28.09.2016 07:15:05.879,46.145,46.085,0.0001,0
28.09.2016 07:15:06.581,46.14,46.08,0.0001,0
28.09.2016 07:15:09.084,46.125,46.065,0.0001,0
28.09.2016 07:15:09.388,46.12,46.06,0.0001,0
28.09.2016 07:15:11.787,46.115,46.055,0.0001,0
28.09.2016 07:15:12.385,46.12,46.06,0.0001,0
28.09.2016 07:15:12.989,46.125,46.065,0.0001,0
28.09.2016 07:15:13.490,46.135,46.075,0.0001,0
28.09.2016 07:15:14.792,46.13,46.07,0.0001,0
28.09.2016 07:15:15.795,46.14,46.08,0.0001,0
28.09.2016 07:15:20.199,46.125,46.065,0.0001,0
28.09.2016 07:15:25.006,46.12,46.06,0.0001,0
28.09.2016 07:15:28.209,46.125,46.065,0.0001,0
28.09.2016 07:15:28.562,46.115,46.055,0.0001,0
28.09.2016 07:15:29.778,46.12,46.06,0.0001,0
28.09.2016 07:15:48.532,46.13,46.07,0.0001,0
28.09.2016 07:15:52.437,46.14,46.08,0.0001,0
28.09.2016 07:15:55.741,46.135,46.075,0.0001,0
28.09.2016 07:16:00.269,46.13,46.07,0.0001,0
28.09.2016 07:16:00.616,46.125,46.065,0.0001,0
28.09.2016 07:16:00.945,46.135,46.075,0.0001,0
28.09.2016 07:16:01.984,46.14,46.08,0.0001,0
28.09.2016 07:16:06.061,46.135,46.075,0.0001,0
28.09.2016 07:16:26.416,46.14,46.08,0.0001,0
28.09.2016 07:16:28.388,46.13,46.07,0.0001,0
28.09.2016 07:16:41.907,46.125,46.065,0.0001,0
28.09.2016 07:16:50.118,46.13,46.07,0.0001,0
28.09.2016 07:16:51.719,46.125,46.065,0.0001,0
28.09.2016 07:16:58.026,46.13,46.07,0.0001,0
28.09.2016 07:17:01.636,46.125,46.065,0.0001,0
28.09.2016 07:17:34.911,46.12,46.06,0.0001,0
28.09.2016 07:17:45.281,46.125,46.065,0.0001,0
28.09.2016 07:17:45.882,46.12,46.06,0.0001,0
28.09.2016 07:17:52.088,46.125,46.065,0.0001,0
28.09.2016 07:17:52.689,46.12,46.06,0.0001,0
28.09.2016 07:18:44.651,46.125,46.065,0.0001,0
28.09.2016 07:19:13.617,46.15,46.09,0.0001,0
28.09.2016 07:19:14.155,46.160000000000004,46.1,0.0001,0
28.09.2016 07:19:19.533,46.155,46.095,0.0001,0
28.09.2016 07:19:22.197,46.15,46.09,0.0001,0
28.09.2016 07:19:22.792,46.160000000000004,46.1,0.0001,0
28.09.2016 07:19:23.899,46.165,46.105000000000004,0.0001,0
28.09.2016 07:19:41.917,46.185,46.125,0.0001,0
28.09.2016 07:19:43.454,46.18,46.12,0.0001,0
28.09.2016 07:19:46.755,46.17,46.11,0.0001,0
28.09.2016 07:20:10.484,46.165,46.105000000000004,0.0001,0
28.09.2016 07:20:12.158,46.160000000000004,46.1,0.0001,0
28.09.2016 07:20:18.771,46.17,46.11,0.0001,0
28.09.2016 07:20:20.594,46.185,46.125,0.0001,0
28.09.2016 07:20:24.578,46.19,46.13,0.0001,0
28.09.2016 07:20:36.695,46.185,46.125,0.0001,0
28.09.2016 07:20:48.311,46.18,46.12,0.0001,0
28.09.2016 07:21:00.827,46.175000000000004,46.115,0.0001,0
28.09.2016 07:21:17.350,46.185,46.125,0.0001,0
28.09.2016 07:21:27.762,46.19,46.13,0.0001,0
28.09.2016 07:21:32.781,46.185,46.125,0.0001,0
28.09.2016 07:21:56.902,46.175000000000004,46.115,0.0001,0
28.09.2016 07:21:59.305,46.160000000000004,46.1,0.0001,0
28.09.2016 07:21:59.806,46.17,46.11,0.0001,0
28.09.2016 07:22:12.021,46.165,46.105000000000004,0.0001,0
28.09.2016 07:22:19.458,46.175000000000004,46.115,0.0001,0
28.09.2016 07:22:20.648,46.18,46.12,0.0001,0
28.09.2016 07:22:21.083,46.175000000000004,46.115,0.0001,0
28.09.2016 07:22:29.567,46.185,46.125,0.0001,0
28.09.2016 07:22:56.812,46.18,46.12,0.0001,0
28.09.2016 07:22:58.619,46.175000000000004,46.115,0.0001,0
28.09.2016 07:23:06.757,46.19,46.13,0.0001,0
28.09.2016 07:23:15.750,46.195,46.135,0.0001,0
28.09.2016 07:23:26.246,46.185,46.125,0.0001,0
28.09.2016 07:23:30.817,46.175000000000004,46.115,0.0001,0
28.09.2016 07:23:31.321,46.165,46.105000000000004,0.0001,0
28.09.2016 07:23:49.892,46.17,46.11,0.0001,0
28.09.2016 07:24:42.665,46.165,46.105000000000004,0.0001,0
28.09.2016 07:24:56.288,46.155,46.095,0.0001,0
28.09.2016 07:25:29.235,46.160000000000004,46.1,0.0001,0
28.09.2016 07:25:35.750,46.155,46.095,0.0001,0
28.09.2016 07:25:36.376,46.160000000000004,46.1,0.0001,0
28.09.2016 07:25:48.866,46.155,46.095,0.0001,0
28.09.2016 07:27:07.236,46.160000000000004,46.1,0.0001,0
28.09.2016 07:27:23.087,46.155,46.095,0.0001,0
28.09.2016 07:27:25.294,46.15,46.09,0.0001,0
28.09.2016 07:27:47.023,46.155,46.095,0.0001,0
28.09.2016 07:27:53.542,46.15,46.09,0.0001,0
28.09.2016 07:27:54.130,46.135,46.075,0.0001,0
28.09.2016 07:27:56.732,46.13,46.07,0.0001,0
28.09.2016 07:27:57.175,46.135,46.075,0.0001,0
28.09.2016 07:28:10.309,46.14,46.08,0.0001,0
28.09.2016 07:28:11.954,46.145,46.085,0.0001,0
28.09.2016 07:28:21.968,46.135,46.075,0.0001,0
28.09.2016 07:28:36.387,46.14,46.08,0.0001,0
28.09.2016 07:28:56.414,46.145,46.085,0.0001,0
28.09.2016 07:28:57.018,46.135,46.075,0.0001,0
28.09.2016 07:29:00.519,46.145,46.085,0.0001,0
28.09.2016 07:29:17.341,46.155,46.095,0.0001,0
28.09.2016 07:29:32.420,46.160000000000004,46.1,0.0001,0
28.09.2016 07:29:33.987,46.155,46.095,0.0001,0
28.09.2016 07:29:37.892,46.15,46.09,0.0001,0
28.09.2016 07:29:51.006,46.145,46.085,0.0001,0
28.09.2016 07:29:52.508,46.13,46.07,0.0001,0
28.09.2016 07:29:58.715,46.125,46.065,0.0001,0
28.09.2016 07:29:59.202,46.12,46.06,0.0001,0
28.09.2016 07:30:00.116,46.115,46.055,0.0001,0
28.09.2016 07:30:09.626,46.11,46.050000000000004,0.0001,0
28.09.2016 07:30:15.847,46.105000000000004,46.045,0.0001,0
28.09.2016 07:30:47.982,46.11,46.050000000000004,0.0001,0
28.09.2016 07:30:48.483,46.115,46.055,0.0001,0
28.09.2016 07:30:57.997,46.105000000000004,46.045,0.0001,0
28.09.2016 07:30:58.352,46.115,46.055,0.0001,0
28.09.2016 07:30:58.798,46.11,46.050000000000004,0.0001,0
28.09.2016 07:31:04.305,46.12,46.06,0.0001,0
28.09.2016 07:31:11.917,46.125,46.065,0.0001,0
28.09.2016 07:31:15.124,46.12,46.06,0.0001,0
28.09.2016 07:31:23.461,46.125,46.065,0.0001,0
28.09.2016 07:31:32.761,46.11,46.050000000000004,0.0001,0
28.09.2016 07:31:33.162,46.105000000000004,46.045,0.0001,0
28.09.2016 07:31:36.666,46.115,46.055,0.0001,0
28.09.2016 07:31:37.267,46.11,46.050000000000004,0.0001,0
28.09.2016 07:31:37.668,46.105000000000004,46.045,0.0001,0
28.09.2016 07:31:47.212,46.095,46.035000000000004,0.0001,0
28.09.2016 07:31:47.822,46.1,46.04,0.0001,0
28.09.2016 07:31:51.586,46.105000000000004,46.045,0.0001,0
28.09.2016 07:32:00.546,46.11,46.050000000000004,0.0001,0
28.09.2016 07:32:17.940,46.115,46.055,0.0001,0
28.09.2016 07:32:44.876,46.105000000000004,46.045,0.0001,0
28.09.2016 07:32:50.783,46.1,46.04,0.0001,0
28.09.2016 07:32:51.330,46.105000000000004,46.045,0.0001,0
28.09.2016 07:32:54.709,46.09,46.03,0.0001,0
28.09.2016 07:32:55.375,46.1,46.04,0.0001,0
28.09.2016 07:32:59.294,46.095,46.035000000000004,0.0001,0
28.09.2016 07:33:00.497,46.105000000000004,46.045,0.0001,0
28.09.2016 07:33:02.300,46.11,46.050000000000004,0.0001,0
28.09.2016 07:33:12.812,46.105000000000004,46.045,0.0001,0
28.09.2016 07:34:15.606,46.1,46.04,0.0001,0
28.09.2016 07:34:42.739,46.105000000000004,46.045,0.0001,0
28.09.2016 07:34:58.966,46.11,46.050000000000004,0.0001,0
28.09.2016 07:34:59.976,46.105000000000004,46.045,0.0001,0
28.09.2016 07:35:24.021,46.095,46.035000000000004,0.0001,0
28.09.2016 07:35:26.509,46.1,46.04,0.0001,0
28.09.2016 07:35:26.942,46.105000000000004,46.045,0.0001,0
28.09.2016 07:35:35.223,46.1,46.04,0.0001,0
28.09.2016 07:35:38.327,46.105000000000004,46.045,0.0001,0
28.09.2016 07:36:24.344,46.11,46.050000000000004,0.0001,0
28.09.2016 07:36:44.554,46.115,46.055,0.0001,0
28.09.2016 07:37:43.456,46.125,46.065,0.0001,0
28.09.2016 07:38:25.948,46.135,46.075,0.0001,0
28.09.2016 07:38:28.258,46.13,46.07,0.0001,0
28.09.2016 07:38:33.833,46.12,46.06,0.0001,0
28.09.2016 07:38:52.369,46.125,46.065,0.0001,0
28.09.2016 07:39:09.193,46.12,46.06,0.0001,0
28.09.2016 07:39:31.124,46.125,46.065,0.0001,0
28.09.2016 07:39:42.051,46.115,46.055,0.0001,0
28.09.2016 07:40:00.665,46.125,46.065,0.0001,0
28.09.2016 07:40:16.856,46.12,46.06,0.0001,0
28.09.2016 07:40:24.996,46.115,46.055,0.0001,0
28.09.2016 07:40:45.127,46.125,46.065,0.0001,0
28.09.2016 07:41:05.465,46.135,46.075,0.0001,0
28.09.2016 07:41:11.579,46.125,46.065,0.0001,0
28.09.2016 07:41:12.080,46.12,46.06,0.0001,0
28.09.2016 07:41:12.381,46.125,46.065,0.0001,0
28.09.2016 07:41:13.885,46.12,46.06,0.0001,0
28.09.2016 07:41:14.390,46.115,46.055,0.0001,0
28.09.2016 07:41:25.498,46.11,46.050000000000004,0.0001,0
28.09.2016 07:41:34.140,46.115,46.055,0.0001,0
28.09.2016 07:41:52.537,46.11,46.050000000000004,0.0001,0
28.09.2016 07:41:52.877,46.115,46.055,0.0001,0
28.09.2016 07:41:53.340,46.11,46.050000000000004,0.0001,0
28.09.2016 07:41:54.381,46.12,46.06,0.0001,0
28.09.2016 07:41:57.471,46.125,46.065,0.0001,0
28.09.2016 07:43:35.296,46.13,46.07,0.0001,0
28.09.2016 07:43:47.309,46.135,46.075,0.0001,0
28.09.2016 07:43:55.523,46.13,46.07,0.0001,0
28.09.2016 07:44:03.135,46.135,46.075,0.0001,0
28.09.2016 07:44:03.644,46.13,46.07,0.0001,0
28.09.2016 07:44:08.242,46.135,46.075,0.0001,0
28.09.2016 07:44:08.869,46.145,46.065,0.0001,0
28.09.2016 07:44:10.950,46.13,46.07,0.0001,0
28.09.2016 07:44:11.451,46.135,46.075,0.0001,0
28.09.2016 07:44:12.952,46.13,46.07,0.0001,0
28.09.2016 07:44:13.461,46.135,46.075,0.0001,0
28.09.2016 07:44:36.982,46.145,46.085,0.0001,0
28.09.2016 07:45:40.659,46.135,46.075,0.0001,0
28.09.2016 07:46:12.635,46.13,46.07,0.0001,0
28.09.2016 07:46:13.181,46.135,46.075,0.0001,0
28.09.2016 07:46:13.520,46.13,46.07,0.0001,0
28.09.2016 07:46:15.923,46.135,46.075,0.0001,0
28.09.2016 07:46:16.240,46.13,46.07,0.0001,0
28.09.2016 07:46:16.678,46.125,46.065,0.0001,0
28.09.2016 07:46:23.549,46.135,46.075,0.0001,0
28.09.2016 07:46:26.171,46.13,46.07,0.0001,0
28.09.2016 07:46:37.168,46.135,46.075,0.0001,0
28.09.2016 07:46:49.190,46.13,46.07,0.0001,0
28.09.2016 07:46:50.193,46.135,46.075,0.0001,0
28.09.2016 07:48:16.894,46.13,46.07,0.0001,0
28.09.2016 07:48:23.000,46.135,46.075,0.0001,0
28.09.2016 07:49:14.471,46.14,46.08,0.0001,0
28.09.2016 07:49:33.306,46.135,46.075,0.0001,0
28.09.2016 07:49:54.249,46.14,46.08,0.0001,0
28.09.2016 07:50:06.157,46.145,46.085,0.0001,0
28.09.2016 07:50:06.506,46.135,46.075,0.0001,0
28.09.2016 07:50:06.858,46.13,46.07,0.0001,0
28.09.2016 07:50:17.886,46.135,46.075,0.0001,0
28.09.2016 07:50:24.487,46.14,46.08,0.0001,0
28.09.2016 07:50:26.490,46.135,46.075,0.0001,0
28.09.2016 07:50:43.260,46.13,46.07,0.0001,0
28.09.2016 07:50:54.755,46.135,46.075,0.0001,0
28.09.2016 07:51:13.083,46.13,46.07,0.0001,0
28.09.2016 07:51:26.909,46.12,46.06,0.0001,0
28.09.2016 07:51:37.438,46.115,46.055,0.0001,0
28.09.2016 07:51:57.691,46.11,46.050000000000004,0.0001,0
28.09.2016 07:51:58.092,46.115,46.055,0.0001,0
28.09.2016 07:52:18.824,46.12,46.06,0.0001,0
28.09.2016 07:52:22.230,46.125,46.065,0.0001,0
28.09.2016 07:53:08.396,46.13,46.07,0.0001,0
28.09.2016 07:53:09.098,46.14,46.08,0.0001,0
28.09.2016 07:53:37.843,46.135,46.075,0.0001,0
28.09.2016 07:53:49.159,46.13,46.07,0.0001,0
28.09.2016 07:54:13.147,46.125,46.065,0.0001,0
28.09.2016 07:54:34.739,46.12,46.06,0.0001,0
28.09.2016 07:54:44.352,46.115,46.055,0.0001,0
28.09.2016 07:55:13.294,46.12,46.06,0.0001,0
28.09.2016 07:55:50.649,46.125,46.065,0.0001,0
28.09.2016 07:56:14.681,46.13,46.07,0.0001,0
28.09.2016 07:56:20.989,46.135,46.075,0.0001,0
28.09.2016 07:56:21.291,46.14,46.08,0.0001,0
28.09.2016 07:56:37.922,46.145,46.085,0.0001,0
28.09.2016 07:56:44.167,46.15,46.09,0.0001,0
28.09.2016 07:56:44.724,46.165,46.105000000000004,0.0001,0
28.09.2016 07:57:17.787,46.175000000000004,46.115,0.0001,0
28.09.2016 07:57:20.689,46.185,46.125,0.0001,0
28.09.2016 07:57:30.700,46.18,46.12,0.0001,0
28.09.2016 07:57:36.142,46.185,46.125,0.0001,0
28.09.2016 07:57:36.614,46.19,46.13,0.0001,0
28.09.2016 07:57:38.986,46.195,46.135,0.0001,0
28.09.2016 07:57:39.647,46.215,46.155,0.0001,0
28.09.2016 07:57:40.256,46.22,46.160000000000004,0.0001,0
28.09.2016 07:57:41.849,46.230000000000004,46.17,0.0001,0
28.09.2016 07:57:44.608,46.225,46.165,0.0001,0
28.09.2016 07:57:45.358,46.21,46.15,0.0001,0
28.09.2016 07:57:50.664,46.2,46.14,0.0001,0
28.09.2016 07:57:51.465,46.19,46.13,0.0001,0
28.09.2016 07:57:51.885,46.185,46.125,0.0001,0
28.09.2016 07:57:53.915,46.18,46.12,0.0001,0
28.09.2016 07:57:56.271,46.185,46.125,0.0001,0
28.09.2016 07:57:56.772,46.195,46.135,0.0001,0
28.09.2016 07:58:02.785,46.19,46.13,0.0001,0
28.09.2016 07:58:15.131,46.2,46.14,0.0001,0
28.09.2016 07:58:21.404,46.205,46.145,0.0001,0
28.09.2016 07:58:21.775,46.21,46.15,0.0001,0
28.09.2016 07:58:29.007,46.22,46.160000000000004,0.0001,0
28.09.2016 07:58:33.314,46.225,46.165,0.0001,0
28.09.2016 07:58:33.657,46.22,46.160000000000004,0.0001,0
28.09.2016 07:58:45.431,46.225,46.165,0.0001,0
28.09.2016 07:58:50.257,46.215,46.155,0.0001,0
28.09.2016 07:58:51.758,46.21,46.15,0.0001,0
28.09.2016 07:58:54.323,46.205,46.145,0.0001,0
28.09.2016 07:59:01.561,46.21,46.15,0.0001,0
28.09.2016 07:59:06.212,46.215,46.155,0.0001,0
28.09.2016 07:59:08.391,46.21,46.15,0.0001,0
28.09.2016 07:59:09.993,46.205,46.145,0.0001,0
28.09.2016 07:59:10.594,46.2,46.14,0.0001,0
28.09.2016 07:59:15.710,46.205,46.145,0.0001,0
28.09.2016 07:59:16.932,46.215,46.155,0.0001,0
28.09.2016 07:59:17.606,46.21,46.15,0.0001,0
28.09.2016 07:59:20.710,46.215,46.155,0.0001,0
28.09.2016 07:59:27.428,46.22,46.160000000000004,0.0001,0
28.09.2016 07:59:29.536,46.225,46.165,0.0001,0
28.09.2016 07:59:35.660,46.215,46.155,0.0001,0
28.09.2016 07:59:39.051,46.22,46.160000000000004,0.0001,0
28.09.2016 07:59:39.452,46.215,46.155,0.0001,0
28.09.2016 07:59:39.753,46.225,46.165,0.0001,0
28.09.2016 07:59:51.686,46.230000000000004,46.17,0.0001,0
28.09.2016 07:59:52.673,46.235,46.175000000000004,0.0001,0
28.09.2016 07:59:53.008,46.230000000000004,46.17,0.0001,0
28.09.2016 07:59:53.338,46.225,46.165,0.0001,0
28.09.2016 07:59:55.979,46.230000000000004,46.17,0.0001,0
28.09.2016 07:59:57.882,46.225,46.165,0.0001,0
28.09.2016 07:59:58.384,46.230000000000004,46.17,0.0001,0
28.09.2016 08:00:00.493,46.235,46.175000000000004,0.0001,0
28.09.2016 08:00:01.904,46.230000000000004,46.17,0.0001,0
28.09.2016 08:00:03.029,46.235,46.175000000000004,0.0001,0
28.09.2016 08:00:03.412,46.230000000000004,46.17,0.0001,0
28.09.2016 08:00:05.657,46.235,46.175000000000004,0.0001,0
28.09.2016 08:00:06.033,46.24,46.18,0.0001,0
28.09.2016 08:00:06.364,46.245,46.185,0.0001,0
28.09.2016 08:00:06.454,46.265,46.185,0.0001,0
28.09.2016 08:00:06.531,46.255,46.195,0.0001,0
28.09.2016 08:00:07.432,46.26,46.2,0.0001,0
28.09.2016 08:00:08.012,46.255,46.195,0.0001,0
28.09.2016 08:00:08.938,46.245,46.185,0.0001,0
28.09.2016 08:00:09.642,46.235,46.175000000000004,0.0001,0
28.09.2016 08:00:10.947,46.230000000000004,46.17,0.0001,0
28.09.2016 08:00:11.355,46.225,46.165,0.0001,0
28.09.2016 08:00:16.770,46.22,46.160000000000004,0.0001,0
28.09.2016 08:00:17.474,46.21,46.15,0.0001,0
28.09.2016 08:00:21.300,46.205,46.145,0.0001,0
28.09.2016 08:00:21.690,46.215,46.155,0.0001,0
28.09.2016 08:00:22.001,46.22,46.160000000000004,0.0001,0
28.09.2016 08:00:22.395,46.215,46.155,0.0001,0
28.09.2016 08:00:27.302,46.225,46.165,0.0001,0
28.09.2016 08:00:27.719,46.24,46.18,0.0001,0
28.09.2016 08:00:28.255,46.245,46.185,0.0001,0
28.09.2016 08:00:29.329,46.24,46.18,0.0001,0
28.09.2016 08:00:31.238,46.245,46.185,0.0001,0
28.09.2016 08:00:33.351,46.25,46.19,0.0001,0
28.09.2016 08:00:33.866,46.26,46.2,0.0001,0
28.09.2016 08:00:35.166,46.265,46.205,0.0001,0
28.09.2016 08:00:35.766,46.26,46.2,0.0001,0
28.09.2016 08:00:36.671,46.265,46.205,0.0001,0
28.09.2016 08:00:39.788,46.27,46.21,0.0001,0
28.09.2016 08:00:40.186,46.265,46.205,0.0001,0
28.09.2016 08:00:42.094,46.28,46.22,0.0001,0
28.09.2016 08:00:43.309,46.285000000000004,46.225,0.0001,0
28.09.2016 08:00:44.226,46.27,46.21,0.0001,0
28.09.2016 08:00:45.708,46.28,46.22,0.0001,0
28.09.2016 08:00:47.316,46.27,46.21,0.0001,0
28.09.2016 08:00:47.719,46.275,46.215,0.0001,0
28.09.2016 08:00:48.120,46.27,46.21,0.0001,0
28.09.2016 08:00:48.421,46.265,46.205,0.0001,0
28.09.2016 08:00:48.870,46.27,46.21,0.0001,0
28.09.2016 08:00:49.528,46.275,46.215,0.0001,0
28.09.2016 08:00:50.434,46.265,46.205,0.0001,0
28.09.2016 08:00:50.755,46.27,46.21,0.0001,0
28.09.2016 08:00:51.343,46.275,46.215,0.0001,0
28.09.2016 08:00:51.860,46.27,46.21,0.0001,0
28.09.2016 08:00:52.246,46.275,46.215,0.0001,0
28.09.2016 08:00:52.949,46.265,46.205,0.0001,0
28.09.2016 08:00:53.891,46.255,46.195,0.0001,0
28.09.2016 08:00:54.501,46.245,46.185,0.0001,0
28.09.2016 08:00:56.668,46.25,46.19,0.0001,0
28.09.2016 08:00:56.968,46.245,46.185,0.0001,0
28.09.2016 08:00:57.470,46.25,46.19,0.0001,0
28.09.2016 08:00:59.780,46.245,46.185,0.0001,0
28.09.2016 08:01:00.111,46.235,46.175000000000004,0.0001,0
28.09.2016 08:01:00.441,46.245,46.185,0.0001,0
28.09.2016 08:01:02.895,46.26,46.2,0.0001,0
28.09.2016 08:01:03.427,46.255,46.195,0.0001,0
28.09.2016 08:01:03.808,46.26,46.2,0.0001,0
28.09.2016 08:01:05.580,46.265,46.205,0.0001,0
28.09.2016 08:01:06.419,46.27,46.21,0.0001,0
28.09.2016 08:01:06.727,46.275,46.215,0.0001,0
28.09.2016 08:01:09.223,46.26,46.2,0.0001,0
28.09.2016 08:01:11.331,46.255,46.195,0.0001,0
28.09.2016 08:01:16.807,46.265,46.205,0.0001,0
28.09.2016 08:01:19.163,46.255,46.195,0.0001,0
28.09.2016 08:01:28.352,46.25,46.19,0.0001,0
28.09.2016 08:01:31.483,46.24,46.18,0.0001,0
28.09.2016 08:01:31.805,46.235,46.175000000000004,0.0001,0
28.09.2016 08:01:32.868,46.245,46.185,0.0001,0
28.09.2016 08:01:38.686,46.235,46.175000000000004,0.0001,0
28.09.2016 08:01:39.062,46.25,46.19,0.0001,0
28.09.2016 08:01:39.488,46.255,46.195,0.0001,0
28.09.2016 08:01:39.819,46.26,46.2,0.0001,0
28.09.2016 08:01:40.322,46.255,46.195,0.0001,0
28.09.2016 08:01:43.177,46.25,46.19,0.0001,0
28.09.2016 08:01:43.730,46.255,46.195,0.0001,0
28.09.2016 08:01:46.911,46.26,46.2,0.0001,0
28.09.2016 08:01:50.832,46.255,46.195,0.0001,0
28.09.2016 08:01:55.857,46.245,46.185,0.0001,0
28.09.2016 08:01:56.243,46.25,46.19,0.0001,0
28.09.2016 08:01:58.956,46.255,46.195,0.0001,0
28.09.2016 08:02:00.666,46.26,46.2,0.0001,0
28.09.2016 08:02:02.369,46.265,46.205,0.0001,0
28.09.2016 08:02:04.978,46.27,46.21,0.0001,0
28.09.2016 08:02:05.682,46.28,46.22,0.0001,0
28.09.2016 08:02:06.141,46.285000000000004,46.225,0.0001,0
28.09.2016 08:02:06.987,46.29,46.230000000000004,0.0001,0
28.09.2016 08:02:07.460,46.285000000000004,46.225,0.0001,0
28.09.2016 08:02:09.100,46.29,46.230000000000004,0.0001,0
28.09.2016 08:02:09.441,46.285000000000004,46.225,0.0001,0
28.09.2016 08:02:10.501,46.29,46.230000000000004,0.0001,0
28.09.2016 08:02:12.156,46.28,46.22,0.0001,0
28.09.2016 08:02:12.765,46.275,46.215,0.0001,0
28.09.2016 08:02:18.821,46.27,46.21,0.0001,0
28.09.2016 08:02:24.743,46.265,46.205,0.0001,0
28.09.2016 08:02:25.947,46.255,46.195,0.0001,0
28.09.2016 08:02:30.960,46.26,46.2,0.0001,0
28.09.2016 08:02:32.065,46.27,46.21,0.0001,0
28.09.2016 08:02:34.280,46.265,46.205,0.0001,0
28.09.2016 08:02:35.683,46.27,46.21,0.0001,0
28.09.2016 08:02:38.696,46.275,46.215,0.0001,0
28.09.2016 08:02:39.319,46.265,46.205,0.0001,0
28.09.2016 08:02:46.325,46.275,46.215,0.0001,0
28.09.2016 08:02:57.698,46.265,46.205,0.0001,0
28.09.2016 08:03:00.167,46.27,46.21,0.0001,0
28.09.2016 08:03:08.601,46.265,46.205,0.0001,0
28.09.2016 08:03:10.909,46.255,46.195,0.0001,0
28.09.2016 08:03:11.215,46.265,46.205,0.0001,0
28.09.2016 08:03:12.314,46.26,46.2,0.0001,0
28.09.2016 08:03:19.133,46.255,46.195,0.0001,0
28.09.2016 08:03:21.441,46.245,46.185,0.0001,0
28.09.2016 08:03:22.142,46.255,46.195,0.0001,0
28.09.2016 08:03:23.445,46.25,46.19,0.0001,0
28.09.2016 08:03:31.421,46.245,46.185,0.0001,0
28.09.2016 08:03:32.372,46.24,46.18,0.0001,0
28.09.2016 08:03:35.652,46.245,46.185,0.0001,0
28.09.2016 08:03:39.196,46.24,46.18,0.0001,0
28.09.2016 08:03:47.916,46.225,46.165,0.0001,0
28.09.2016 08:03:48.329,46.22,46.160000000000004,0.0001,0
28.09.2016 08:03:53.537,46.205,46.145,0.0001,0
28.09.2016 08:04:00.060,46.22,46.160000000000004,0.0001,0
28.09.2016 08:04:01.864,46.21,46.15,0.0001,0
28.09.2016 08:04:04.283,46.215,46.155,0.0001,0
28.09.2016 08:04:07.184,46.22,46.160000000000004,0.0001,0
28.09.2016 08:04:10.295,46.21,46.15,0.0001,0
28.09.2016 08:04:11.498,46.215,46.155,0.0001,0
28.09.2016 08:04:17.916,46.205,46.145,0.0001,0
28.09.2016 08:04:18.328,46.2,46.14,0.0001,0
28.09.2016 08:04:19.721,46.205,46.145,0.0001,0
28.09.2016 08:04:20.123,46.2,46.14,0.0001,0
28.09.2016 08:04:21.559,46.205,46.145,0.0001,0
28.09.2016 08:04:21.880,46.2,46.14,0.0001,0
28.09.2016 08:04:22.562,46.205,46.145,0.0001,0
28.09.2016 08:04:22.892,46.2,46.14,0.0001,0
28.09.2016 08:04:24.462,46.205,46.145,0.0001,0
28.09.2016 08:04:24.763,46.195,46.135,0.0001,0
28.09.2016 08:04:26.267,46.2,46.14,0.0001,0
28.09.2016 08:04:27.587,46.19,46.13,0.0001,0
28.09.2016 08:04:28.771,46.185,46.125,0.0001,0
28.09.2016 08:04:29.187,46.19,46.13,0.0001,0
28.09.2016 08:04:37.090,46.195,46.135,0.0001,0
28.09.2016 08:04:39.642,46.185,46.125,0.0001,0
28.09.2016 08:04:42.218,46.175000000000004,46.115,0.0001,0
28.09.2016 08:04:43.863,46.18,46.12,0.0001,0
28.09.2016 08:04:44.732,46.19,46.13,0.0001,0
28.09.2016 08:04:45.205,46.2,46.14,0.0001,0
28.09.2016 08:04:45.534,46.195,46.135,0.0001,0
28.09.2016 08:04:48.331,46.205,46.145,0.0001,0
28.09.2016 08:04:49.132,46.2,46.14,0.0001,0
28.09.2016 08:04:55.681,46.195,46.135,0.0001,0
28.09.2016 08:04:58.057,46.2,46.14,0.0001,0
28.09.2016 08:05:01.869,46.205,46.145,0.0001,0
28.09.2016 08:05:02.179,46.2,46.14,0.0001,0
28.09.2016 08:05:02.508,46.205,46.145,0.0001,0
28.09.2016 08:05:03.118,46.2,46.14,0.0001,0
28.09.2016 08:05:05.808,46.205,46.145,0.0001,0
28.09.2016 08:05:06.597,46.2,46.14,0.0001,0
28.09.2016 08:05:09.103,46.205,46.145,0.0001,0
28.09.2016 08:05:11.610,46.2,46.14,0.0001,0
28.09.2016 08:05:12.012,46.195,46.135,0.0001,0
28.09.2016 08:05:15.167,46.2,46.14,0.0001,0
28.09.2016 08:05:15.488,46.195,46.135,0.0001,0
28.09.2016 08:05:15.814,46.205,46.145,0.0001,0
28.09.2016 08:05:19.436,46.2,46.14,0.0001,0
28.09.2016 08:05:22.851,46.21,46.15,0.0001,0
28.09.2016 08:05:26.159,46.215,46.155,0.0001,0
28.09.2016 08:05:27.563,46.22,46.160000000000004,0.0001,0
28.09.2016 08:05:28.165,46.215,46.155,0.0001,0
28.09.2016 08:05:30.173,46.21,46.15,0.0001,0
28.09.2016 08:05:40.911,46.2,46.14,0.0001,0
28.09.2016 08:05:41.811,46.195,46.135,0.0001,0
28.09.2016 08:05:42.520,46.2,46.14,0.0001,0
28.09.2016 08:05:43.114,46.195,46.135,0.0001,0
28.09.2016 08:05:43.512,46.205,46.145,0.0001,0
28.09.2016 08:05:49.338,46.21,46.15,0.0001,0
28.09.2016 08:05:59.580,46.205,46.145,0.0001,0
28.09.2016 08:06:00.174,46.22,46.160000000000004,0.0001,0
28.09.2016 08:06:04.103,46.225,46.165,0.0001,0
28.09.2016 08:06:04.606,46.22,46.160000000000004,0.0001,0
28.09.2016 08:06:05.309,46.215,46.155,0.0001,0
28.09.2016 08:06:05.913,46.21,46.15,0.0001,0
28.09.2016 08:06:20.779,46.205,46.145,0.0001,0
28.09.2016 08:06:21.784,46.2,46.14,0.0001,0
28.09.2016 08:06:26.505,46.205,46.145,0.0001,0
28.09.2016 08:06:34.040,46.2,46.14,0.0001,0
28.09.2016 08:06:47.390,46.195,46.135,0.0001,0
28.09.2016 08:06:48.024,46.19,46.13,0.0001,0
28.09.2016 08:06:55.254,46.195,46.135,0.0001,0
28.09.2016 08:06:58.641,46.19,46.13,0.0001,0
28.09.2016 08:06:59.028,46.195,46.135,0.0001,0
28.09.2016 08:06:59.579,46.185,46.125,0.0001,0
28.09.2016 08:07:00.633,46.18,46.12,0.0001,0
28.09.2016 08:07:01.035,46.185,46.125,0.0001,0
28.09.2016 08:07:01.377,46.18,46.12,0.0001,0
28.09.2016 08:07:01.840,46.185,46.125,0.0001,0
28.09.2016 08:07:02.343,46.195,46.135,0.0001,0
28.09.2016 08:07:04.388,46.19,46.13,0.0001,0
28.09.2016 08:07:10.950,46.195,46.135,0.0001,0
28.09.2016 08:07:14.732,46.19,46.13,0.0001,0
28.09.2016 08:07:15.276,46.185,46.125,0.0001,0
28.09.2016 08:07:15.887,46.19,46.13,0.0001,0
28.09.2016 08:07:25.371,46.185,46.125,0.0001,0
28.09.2016 08:07:27.279,46.18,46.12,0.0001,0
28.09.2016 08:07:29.084,46.175000000000004,46.115,0.0001,0
28.09.2016 08:07:34.300,46.18,46.12,0.0001,0
28.09.2016 08:07:43.029,46.175000000000004,46.115,0.0001,0
28.09.2016 08:07:43.369,46.185,46.125,0.0001,0
28.09.2016 08:07:43.700,46.19,46.13,0.0001,0
28.09.2016 08:08:01.702,46.185,46.125,0.0001,0
28.09.2016 08:08:04.302,46.18,46.12,0.0001,0
28.09.2016 08:08:04.913,46.175000000000004,46.115,0.0001,0
28.09.2016 08:08:16.837,46.18,46.12,0.0001,0
28.09.2016 08:08:19.649,46.185,46.125,0.0001,0
28.09.2016 08:08:20.150,46.18,46.12,0.0001,0
28.09.2016 08:08:20.599,46.175000000000004,46.115,0.0001,0
28.09.2016 08:08:20.932,46.18,46.12,0.0001,0
28.09.2016 08:08:21.656,46.185,46.125,0.0001,0
28.09.2016 08:08:22.459,46.18,46.12,0.0001,0
28.09.2016 08:08:23.765,46.185,46.125,0.0001,0
28.09.2016 08:08:24.267,46.18,46.12,0.0001,0
28.09.2016 08:08:37.350,46.175000000000004,46.115,0.0001,0
28.09.2016 08:08:42.342,46.185,46.125,0.0001,0
28.09.2016 08:08:47.347,46.195,46.135,0.0001,0
28.09.2016 08:08:47.662,46.19,46.13,0.0001,0
28.09.2016 08:09:01.894,46.195,46.135,0.0001,0
28.09.2016 08:09:02.396,46.2,46.14,0.0001,0
28.09.2016 08:09:04.604,46.215,46.125,0.0001,0
28.09.2016 08:09:06.916,46.2,46.14,0.0001,0
28.09.2016 08:09:12.228,46.205,46.145,0.0001,0
28.09.2016 08:09:22.867,46.22,46.160000000000004,0.0001,0
28.09.2016 08:09:34.701,46.225,46.165,0.0001,0
28.09.2016 08:09:36.242,46.235,46.175000000000004,0.0001,0
28.09.2016 08:09:36.670,46.225,46.165,0.0001,0
28.09.2016 08:09:37.815,46.22,46.160000000000004,0.0001,0
28.09.2016 08:09:43.836,46.235,46.155,0.0001,0
28.09.2016 08:09:43.936,46.230000000000004,46.17,0.0001,0
28.09.2016 08:09:44.442,46.225,46.165,0.0001,0
28.09.2016 08:09:52.278,46.215,46.155,0.0001,0
28.09.2016 08:09:53.918,46.22,46.160000000000004,0.0001,0
28.09.2016 08:09:54.488,46.215,46.155,0.0001,0
28.09.2016 08:09:55.594,46.21,46.15,0.0001,0
28.09.2016 08:09:56.558,46.205,46.145,0.0001,0
28.09.2016 08:10:01.738,46.21,46.15,0.0001,0
28.09.2016 08:10:02.256,46.235,46.125,0.0001,0
28.09.2016 08:10:02.389,46.2,46.14,0.0001,0
28.09.2016 08:10:03.963,46.205,46.145,0.0001,0
28.09.2016 08:10:04.699,46.21,46.15,0.0001,0
28.09.2016 08:10:05.017,46.2,46.14,0.0001,0
28.09.2016 08:10:07.093,46.21,46.15,0.0001,0
28.09.2016 08:10:10.182,46.205,46.145,0.0001,0
28.09.2016 08:10:11.306,46.2,46.14,0.0001,0
28.09.2016 08:10:21.331,46.205,46.145,0.0001,0
28.09.2016 08:10:24.527,46.195,46.135,0.0001,0
28.09.2016 08:10:25.834,46.19,46.13,0.0001,0
28.09.2016 08:10:26.235,46.195,46.135,0.0001,0
28.09.2016 08:10:27.139,46.2,46.14,0.0001,0
28.09.2016 08:10:30.555,46.205,46.145,0.0001,0
28.09.2016 08:10:32.356,46.2,46.14,0.0001,0
28.09.2016 08:10:34.963,46.19,46.13,0.0001,0
28.09.2016 08:10:36.268,46.2,46.14,0.0001,0
28.09.2016 08:10:37.272,46.205,46.145,0.0001,0
28.09.2016 08:10:38.477,46.2,46.14,0.0001,0
28.09.2016 08:10:39.039,46.195,46.135,0.0001,0
28.09.2016 08:10:42.503,46.2,46.14,0.0001,0
28.09.2016 08:10:44.813,46.205,46.145,0.0001,0
28.09.2016 08:10:45.805,46.21,46.15,0.0001,0
28.09.2016 08:10:47.846,46.215,46.155,0.0001,0
28.09.2016 08:10:48.456,46.21,46.15,0.0001,0
28.09.2016 08:10:58.351,46.215,46.155,0.0001,0
28.09.2016 08:10:59.357,46.22,46.160000000000004,0.0001,0
28.09.2016 08:11:05.597,46.21,46.15,0.0001,0
28.09.2016 08:11:05.966,46.215,46.155,0.0001,0
28.09.2016 08:11:06.698,46.21,46.15,0.0001,0
28.09.2016 08:11:10.340,46.22,46.160000000000004,0.0001,0
28.09.2016 08:11:13.841,46.215,46.155,0.0001,0
28.09.2016 08:11:24.259,46.205,46.145,0.0001,0
28.09.2016 08:11:31.179,46.21,46.15,0.0001,0
28.09.2016 08:11:33.187,46.215,46.155,0.0001,0
28.09.2016 08:11:43.319,46.21,46.15,0.0001,0
28.09.2016 08:11:43.621,46.18,46.12,0.0001,0
28.09.2016 08:11:43.927,46.175000000000004,46.115,0.0001,0
28.09.2016 08:11:52.169,46.19,46.13,0.0001,0
28.09.2016 08:11:52.778,46.185,46.125,0.0001,0
28.09.2016 08:12:07.337,46.215,46.155,0.0001,0
28.09.2016 08:12:07.942,46.21,46.15,0.0001,0
28.09.2016 08:12:08.322,46.2,46.14,0.0001,0
28.09.2016 08:12:09.820,46.19,46.13,0.0001,0
28.09.2016 08:12:19.697,46.185,46.125,0.0001,0
28.09.2016 08:12:20.034,46.19,46.13,0.0001,0
28.09.2016 08:12:23.400,46.18,46.12,0.0001,0
28.09.2016 08:12:25.508,46.17,46.11,0.0001,0
28.09.2016 08:12:25.990,46.165,46.105000000000004,0.0001,0
28.09.2016 08:12:38.647,46.175000000000004,46.115,0.0001,0
28.09.2016 08:12:48.216,46.165,46.105000000000004,0.0001,0
28.09.2016 08:13:06.968,46.175000000000004,46.115,0.0001,0
28.09.2016 08:13:41.870,46.185,46.125,0.0001,0
28.09.2016 08:13:58.956,46.195,46.135,0.0001,0
28.09.2016 08:14:03.700,46.2,46.14,0.0001,0
28.09.2016 08:14:12.487,46.205,46.145,0.0001,0
28.09.2016 08:14:17.211,46.2,46.14,0.0001,0
28.09.2016 08:14:22.333,46.195,46.135,0.0001,0
28.09.2016 08:14:22.757,46.19,46.13,0.0001,0
28.09.2016 08:14:30.470,46.205,46.145,0.0001,0
28.09.2016 08:14:52.268,46.2,46.14,0.0001,0
28.09.2016 08:14:52.962,46.195,46.135,0.0001,0
28.09.2016 08:15:04.019,46.185,46.125,0.0001,0
28.09.2016 08:15:21.345,46.18,46.12,0.0001,0
28.09.2016 08:15:26.549,46.17,46.11,0.0001,0
28.09.2016 08:15:33.759,46.18,46.12,0.0001,0
28.09.2016 08:15:41.584,46.175000000000004,46.115,0.0001,0
28.09.2016 08:15:50.214,46.17,46.11,0.0001,0
28.09.2016 08:16:02.304,46.165,46.105000000000004,0.0001,0
28.09.2016 08:16:06.013,46.17,46.11,0.0001,0
28.09.2016 08:16:10.726,46.160000000000004,46.1,0.0001,0
28.09.2016 08:16:11.261,46.165,46.105000000000004,0.0001,0
28.09.2016 08:16:20.051,46.160000000000004,46.1,0.0001,0
28.09.2016 08:16:24.468,46.12,46.06,0.0001,0
28.09.2016 08:16:24.855,46.105000000000004,46.045,0.0001,0
28.09.2016 08:16:25.173,46.09,46.03,0.0001,0
28.09.2016 08:16:25.512,46.085,46.025,0.0001,0
28.09.2016 08:16:26.281,46.09,46.03,0.0001,0
28.09.2016 08:16:29.231,46.1,46.04,0.0001,0
28.09.2016 08:16:31.600,46.09,46.03,0.0001,0
28.09.2016 08:16:32.227,46.095,46.035000000000004,0.0001,0
28.09.2016 08:16:32.812,46.1,46.04,0.0001,0
28.09.2016 08:16:34.708,46.105000000000004,46.045,0.0001,0
28.09.2016 08:16:35.109,46.095,46.035000000000004,0.0001,0
28.09.2016 08:16:45.234,46.09,46.03,0.0001,0
28.09.2016 08:16:49.548,46.08,46.02,0.0001,0
28.09.2016 08:16:50.451,46.07,46.01,0.0001,0
28.09.2016 08:16:50.761,46.065,46.005,0.0001,0
28.09.2016 08:16:52.485,46.075,46.015,0.0001,0
28.09.2016 08:16:57.105,46.08,46.02,0.0001,0
28.09.2016 08:16:57.421,46.075,46.015,0.0001,0
28.09.2016 08:16:58.175,46.08,46.02,0.0001,0
28.09.2016 08:16:59.579,46.075,46.015,0.0001,0
28.09.2016 08:17:00.884,46.08,46.02,0.0001,0
28.09.2016 08:17:01.286,46.065,45.995,0.0001,0
28.09.2016 08:17:01.395,46.055,45.995,0.0001,0
28.09.2016 08:17:02.005,46.06,46,0.0001,0
28.09.2016 08:17:03.401,46.07,46.01,0.0001,0
28.09.2016 08:17:05.404,46.065,46.005,0.0001,0
28.09.2016 08:17:10.420,46.07,46.01,0.0001,0
28.09.2016 08:17:10.921,46.075,46.015,0.0001,0
28.09.2016 08:17:11.523,46.07,46.01,0.0001,0
28.09.2016 08:17:13.832,46.09,46.03,0.0001,0
28.09.2016 08:17:14.134,46.08,46.02,0.0001,0
28.09.2016 08:17:14.735,46.075,46.015,0.0001,0
28.09.2016 08:17:22.161,46.08,46.02,0.0001,0
28.09.2016 08:17:24.498,46.085,46.025,0.0001,0
28.09.2016 08:17:26.213,46.1,46.04,0.0001,0
28.09.2016 08:17:26.823,46.095,46.035000000000004,0.0001,0
28.09.2016 08:17:33.510,46.09,46.03,0.0001,0
28.09.2016 08:17:35.299,46.095,46.035000000000004,0.0001,0
28.09.2016 08:17:35.900,46.09,46.03,0.0001,0
28.09.2016 08:17:47.032,46.095,46.035000000000004,0.0001,0
28.09.2016 08:17:48.536,46.085,46.025,0.0001,0
28.09.2016 08:18:03.792,46.095,46.035000000000004,0.0001,0
28.09.2016 08:18:04.094,46.1,46.04,0.0001,0
28.09.2016 08:18:15.127,46.095,46.035000000000004,0.0001,0
28.09.2016 08:18:18.540,46.1,46.04,0.0001,0
28.09.2016 08:18:20.547,46.095,46.035000000000004,0.0001,0
28.09.2016 08:18:24.466,46.105000000000004,46.045,0.0001,0
28.09.2016 08:18:28.568,46.095,46.035000000000004,0.0001,0
28.09.2016 08:18:28.877,46.1,46.04,0.0001,0
28.09.2016 08:18:29.415,46.095,46.035000000000004,0.0001,0
28.09.2016 08:18:30.472,46.1,46.04,0.0001,0
28.09.2016 08:18:40.704,46.095,46.035000000000004,0.0001,0
28.09.2016 08:18:44.816,46.09,46.03,0.0001,0
28.09.2016 08:18:46.120,46.085,46.025,0.0001,0
28.09.2016 08:18:53.944,46.09,46.03,0.0001,0
28.09.2016 08:19:04.182,46.085,46.025,0.0001,0
28.09.2016 08:19:09.293,46.09,46.03,0.0001,0
28.09.2016 08:19:16.319,46.11,46.050000000000004,0.0001,0
28.09.2016 08:19:16.820,46.115,46.055,0.0001,0
28.09.2016 08:19:17.422,46.12,46.06,0.0001,0
28.09.2016 08:19:19.726,46.115,46.055,0.0001,0
28.09.2016 08:19:21.648,46.11,46.050000000000004,0.0001,0
28.09.2016 08:19:37.192,46.105000000000004,46.045,0.0001,0
28.09.2016 08:19:45.914,46.115,46.055,0.0001,0
28.09.2016 08:19:50.657,46.11,46.050000000000004,0.0001,0
28.09.2016 08:20:02.765,46.105000000000004,46.045,0.0001,0
28.09.2016 08:20:07.480,46.11,46.050000000000004,0.0001,0
28.09.2016 08:20:08.485,46.115,46.055,0.0001,0
28.09.2016 08:20:08.887,46.125,46.065,0.0001,0
28.09.2016 08:20:10.500,46.14,46.08,0.0001,0
28.09.2016 08:20:10.799,46.155,46.065,0.0001,0
28.09.2016 08:20:11.000,46.14,46.08,0.0001,0
28.09.2016 08:20:11.339,46.135,46.075,0.0001,0
28.09.2016 08:20:11.905,46.145,46.065,0.0001,0
28.09.2016 08:20:13.051,46.145,46.055,0.0001,0
28.09.2016 08:20:15.119,46.13,46.07,0.0001,0
28.09.2016 08:20:23.052,46.125,46.065,0.0001,0
28.09.2016 08:20:28.072,46.12,46.06,0.0001,0
28.09.2016 08:20:40.120,46.115,46.055,0.0001,0
28.09.2016 08:20:43.335,46.12,46.06,0.0001,0
28.09.2016 08:20:43.730,46.115,46.055,0.0001,0
28.09.2016 08:20:46.069,46.105000000000004,46.045,0.0001,0
28.09.2016 08:20:48.551,46.11,46.050000000000004,0.0001,0
28.09.2016 08:20:49.371,46.095,46.035000000000004,0.0001,0
28.09.2016 08:20:51.231,46.1,46.04,0.0001,0
28.09.2016 08:20:51.683,46.105000000000004,46.045,0.0001,0
28.09.2016 08:20:52.293,46.11,46.050000000000004,0.0001,0
28.09.2016 08:20:58.707,46.115,46.055,0.0001,0
28.09.2016 08:21:02.604,46.11,46.050000000000004,0.0001,0
28.09.2016 08:21:03.407,46.1,46.04,0.0001,0
28.09.2016 08:21:05.314,46.105000000000004,46.045,0.0001,0
28.09.2016 08:21:11.245,46.1,46.04,0.0001,0
28.09.2016 08:21:12.679,46.105000000000004,46.045,0.0001,0
28.09.2016 08:21:20.085,46.1,46.04,0.0001,0
28.09.2016 08:21:31.699,46.095,46.035000000000004,0.0001,0
28.09.2016 08:21:35.910,46.1,46.04,0.0001,0
28.09.2016 08:21:36.395,46.095,46.035000000000004,0.0001,0
28.09.2016 08:21:37.014,46.105000000000004,46.045,0.0001,0
28.09.2016 08:21:37.543,46.1,46.04,0.0001,0
28.09.2016 08:21:42.230,46.095,46.035000000000004,0.0001,0
28.09.2016 08:21:43.029,46.1,46.04,0.0001,0
28.09.2016 08:21:44.541,46.095,46.035000000000004,0.0001,0
28.09.2016 08:21:44.872,46.09,46.03,0.0001,0
28.09.2016 08:21:49.150,46.085,46.025,0.0001,0
28.09.2016 08:21:51.556,46.09,46.03,0.0001,0
28.09.2016 08:21:52.059,46.085,46.025,0.0001,0
28.09.2016 08:21:52.662,46.07,46.01,0.0001,0
28.09.2016 08:21:53.176,46.065,46.005,0.0001,0
28.09.2016 08:21:53.565,46.06,46,0.0001,0
28.09.2016 08:21:54.666,46.065,46.005,0.0001,0
28.09.2016 08:21:55.068,46.06,46,0.0001,0
28.09.2016 08:21:55.969,46.065,46.005,0.0001,0
28.09.2016 08:21:56.392,46.055,45.995,0.0001,0
28.09.2016 08:21:56.756,46.06,46,0.0001,0
28.09.2016 08:21:57.381,46.055,45.995,0.0001,0
28.09.2016 08:21:57.746,46.06,46,0.0001,0
28.09.2016 08:22:00.691,46.055,45.995,0.0001,0
28.09.2016 08:22:01.294,46.03,45.97,0.0001,0
28.09.2016 08:22:01.696,46.04,45.980000000000004,0.0001,0
28.09.2016 08:22:01.998,46.050000000000004,45.99,0.0001,0
28.09.2016 08:22:03.002,46.045,45.985,0.0001,0
28.09.2016 08:22:04.907,46.055,45.995,0.0001,0
28.09.2016 08:22:05.226,46.06,46,0.0001,0
28.09.2016 08:22:05.618,46.050000000000004,45.99,0.0001,0
28.09.2016 08:22:09.226,46.045,45.985,0.0001,0
28.09.2016 08:22:10.429,46.055,45.995,0.0001,0
28.09.2016 08:22:10.930,46.06,46,0.0001,0
28.09.2016 08:22:14.694,46.055,45.995,0.0001,0
28.09.2016 08:22:15.142,46.045,45.985,0.0001,0
28.09.2016 08:22:16.643,46.050000000000004,45.99,0.0001,0
28.09.2016 08:22:17.050,46.04,45.980000000000004,0.0001,0
28.09.2016 08:22:17.900,46.035000000000004,45.975,0.0001,0
28.09.2016 08:22:19.851,46.04,45.980000000000004,0.0001,0
28.09.2016 08:22:20.218,46.035000000000004,45.975,0.0001,0
28.09.2016 08:22:24.063,46.04,45.980000000000004,0.0001,0
28.09.2016 08:22:24.466,46.03,45.97,0.0001,0
28.09.2016 08:22:24.838,46.01,45.95,0.0001,0
28.09.2016 08:22:25.166,46.02,45.96,0.0001,0
28.09.2016 08:22:25.527,46.035000000000004,45.975,0.0001,0
28.09.2016 08:22:26.774,46.03,45.97,0.0001,0
28.09.2016 08:22:27.076,46.02,45.96,0.0001,0
28.09.2016 08:22:29.060,46.03,45.97,0.0001,0
28.09.2016 08:22:30.933,46.035000000000004,45.975,0.0001,0
28.09.2016 08:22:31.634,46.025,45.965,0.0001,0
28.09.2016 08:22:32.436,46.02,45.96,0.0001,0
28.09.2016 08:22:37.448,46.015,45.955,0.0001,0
28.09.2016 08:22:37.950,46.02,45.96,0.0001,0
28.09.2016 08:22:38.451,46.025,45.965,0.0001,0
28.09.2016 08:22:39.054,46.03,45.97,0.0001,0
28.09.2016 08:22:40.960,46.035000000000004,45.975,0.0001,0
28.09.2016 08:22:41.903,46.03,45.97,0.0001,0
28.09.2016 08:22:44.212,46.025,45.965,0.0001,0
28.09.2016 08:22:44.523,46.03,45.97,0.0001,0
28.09.2016 08:22:44.974,46.025,45.965,0.0001,0
28.09.2016 08:22:45.520,46.03,45.97,0.0001,0
28.09.2016 08:22:46.279,46.01,45.95,0.0001,0
28.09.2016 08:22:47.289,46.005,45.945,0.0001,0
28.09.2016 08:22:47.832,46,45.94,0.0001,0
28.09.2016 08:22:48.485,46.01,45.95,0.0001,0
28.09.2016 08:22:48.823,46.005,45.945,0.0001,0
28.09.2016 08:22:49.289,45.995,45.935,0.0001,0
28.09.2016 08:22:50.192,46,45.94,0.0001,0
28.09.2016 08:22:50.794,46.005,45.945,0.0001,0
28.09.2016 08:22:52.401,46,45.94,0.0001,0
28.09.2016 08:22:52.931,46.015,45.955,0.0001,0
28.09.2016 08:22:54.192,46.025,45.965,0.0001,0
28.09.2016 08:22:54.601,46.015,45.955,0.0001,0
28.09.2016 08:22:54.931,46.01,45.95,0.0001,0
28.09.2016 08:22:55.261,46.015,45.955,0.0001,0
28.09.2016 08:22:55.591,46.02,45.96,0.0001,0
28.09.2016 08:22:56.076,46.015,45.955,0.0001,0
28.09.2016 08:23:01.232,46.01,45.95,0.0001,0
28.09.2016 08:23:01.647,46.005,45.945,0.0001,0
28.09.2016 08:23:02.094,46,45.94,0.0001,0
28.09.2016 08:23:04.245,45.985,45.925000000000004,0.0001,0
28.09.2016 08:23:04.636,45.99,45.93,0.0001,0
28.09.2016 08:23:05.449,45.995,45.935,0.0001,0
28.09.2016 08:23:09.572,46,45.94,0.0001,0
28.09.2016 08:23:12.570,45.995,45.935,0.0001,0
28.09.2016 08:23:12.921,46.005,45.945,0.0001,0
28.09.2016 08:23:14.776,45.995,45.935,0.0001,0
28.09.2016 08:23:15.077,46,45.94,0.0001,0
28.09.2016 08:23:15.880,46.015,45.955,0.0001,0
28.09.2016 08:23:16.404,46.01,45.95,0.0001,0
28.09.2016 08:23:18.087,46.005,45.945,0.0001,0
28.09.2016 08:23:21.094,46,45.94,0.0001,0
28.09.2016 08:23:21.490,46.005,45.945,0.0001,0
28.09.2016 08:23:24.602,46,45.94,0.0001,0
28.09.2016 08:23:28.209,46.01,45.95,0.0001,0
28.09.2016 08:23:31.629,46.015,45.955,0.0001,0
28.09.2016 08:23:34.336,46.025,45.965,0.0001,0
28.09.2016 08:23:35.040,46.035000000000004,45.975,0.0001,0
28.09.2016 08:23:35.407,46.03,45.97,0.0001,0
28.09.2016 08:23:37.749,46.025,45.965,0.0001,0
28.09.2016 08:23:39.153,46.03,45.97,0.0001,0
28.09.2016 08:23:41.470,46.035000000000004,45.975,0.0001,0
28.09.2016 08:23:42.562,46.045,45.985,0.0001,0
28.09.2016 08:23:42.991,46.04,45.980000000000004,0.0001,0
28.09.2016 08:23:44.369,46.035000000000004,45.975,0.0001,0
28.09.2016 08:23:44.670,46.03,45.97,0.0001,0
28.09.2016 08:23:53.502,46.025,45.965,0.0001,0
28.09.2016 08:23:55.110,46.03,45.97,0.0001,0
28.09.2016 08:23:55.463,46.035000000000004,45.975,0.0001,0
28.09.2016 08:23:58.523,46.03,45.97,0.0001,0
28.09.2016 08:24:03.142,46.025,45.965,0.0001,0
28.09.2016 08:24:03.944,46.03,45.97,0.0001,0
28.09.2016 08:24:04.678,46.025,45.965,0.0001,0
28.09.2016 08:24:07.299,46.03,45.97,0.0001,0
28.09.2016 08:24:07.912,46.050000000000004,45.99,0.0001,0
28.09.2016 08:24:09.865,46.055,45.995,0.0001,0
28.09.2016 08:24:11.452,46.04,45.980000000000004,0.0001,0
28.09.2016 08:24:23.400,46.045,45.985,0.0001,0
28.09.2016 08:24:27.336,46.050000000000004,45.99,0.0001,0
28.09.2016 08:24:31.652,46.06,46,0.0001,0
28.09.2016 08:24:34.865,46.050000000000004,45.99,0.0001,0
28.09.2016 08:24:35.768,46.045,45.985,0.0001,0
28.09.2016 08:24:40.429,46.055,45.995,0.0001,0
28.09.2016 08:24:44.594,46.050000000000004,45.99,0.0001,0
28.09.2016 08:24:44.897,46.045,45.985,0.0001,0
28.09.2016 08:24:46.110,46.055,45.995,0.0001,0
28.09.2016 08:24:47.005,46.050000000000004,45.99,0.0001,0
28.09.2016 08:24:50.116,46.055,45.995,0.0001,0
28.09.2016 08:24:53.327,46.065,46.005,0.0001,0
28.09.2016 08:24:53.664,46.07,46.01,0.0001,0
28.09.2016 08:24:54.175,46.065,46.005,0.0001,0
28.09.2016 08:24:55.336,46.07,46.01,0.0001,0
28.09.2016 08:24:57.342,46.065,46.005,0.0001,0
28.09.2016 08:25:01.482,46.085,46.025,0.0001,0
28.09.2016 08:25:01.906,46.09,46.03,0.0001,0
28.09.2016 08:25:02.235,46.105000000000004,46.045,0.0001,0
28.09.2016 08:25:02.565,46.09,46.03,0.0001,0
28.09.2016 08:25:04.173,46.085,46.025,0.0001,0
28.09.2016 08:25:04.595,46.08,46.02,0.0001,0
28.09.2016 08:25:04.925,46.085,46.025,0.0001,0
28.09.2016 08:25:06.381,46.075,46.015,0.0001,0
28.09.2016 08:25:19.330,46.07,46.01,0.0001,0
28.09.2016 08:25:19.733,46.08,46.02,0.0001,0
28.09.2016 08:25:20.637,46.075,46.015,0.0001,0
28.09.2016 08:25:22.551,46.07,46.01,0.0001,0
28.09.2016 08:25:28.764,46.065,46.005,0.0001,0
28.09.2016 08:25:29.265,46.075,46.015,0.0001,0
28.09.2016 08:25:33.699,46.055,45.995,0.0001,0
28.09.2016 08:25:37.188,46.050000000000004,45.99,0.0001,0
28.09.2016 08:25:37.489,46.055,45.995,0.0001,0
28.09.2016 08:25:38.791,46.050000000000004,45.99,0.0001,0
28.09.2016 08:25:48.820,46.045,45.985,0.0001,0
28.09.2016 08:26:02.168,46.06,46,0.0001,0
28.09.2016 08:26:02.581,46.065,46.005,0.0001,0
28.09.2016 08:26:04.477,46.07,46.01,0.0001,0
28.09.2016 08:26:05.088,46.065,46.005,0.0001,0
28.09.2016 08:26:09.685,46.06,46,0.0001,0
28.09.2016 08:26:13.427,46.065,46.005,0.0001,0
28.09.2016 08:26:17.607,46.06,46,0.0001,0
28.09.2016 08:26:19.311,46.065,46.005,0.0001,0
28.09.2016 08:26:20.313,46.06,46,0.0001,0
28.09.2016 08:26:22.217,46.045,45.985,0.0001,0
28.09.2016 08:26:23.722,46.050000000000004,45.99,0.0001,0
28.09.2016 08:26:27.140,46.06,46,0.0001,0
28.09.2016 08:26:30.338,46.07,46.01,0.0001,0
28.09.2016 08:26:34.351,46.06,46,0.0001,0
28.09.2016 08:26:37.160,46.065,46.005,0.0001,0
28.09.2016 08:26:37.660,46.055,45.995,0.0001,0
28.09.2016 08:26:42.877,46.065,45.985,0.0001,0
28.09.2016 08:26:43.397,46.055,45.995,0.0001,0
28.09.2016 08:26:43.718,46.050000000000004,45.99,0.0001,0
28.09.2016 08:26:44.685,46.06,46,0.0001,0
28.09.2016 08:26:48.718,46.055,45.995,0.0001,0
28.09.2016 08:26:49.300,46.050000000000004,45.99,0.0001,0
28.09.2016 08:26:51.278,46.045,45.985,0.0001,0
28.09.2016 08:26:54.319,46.050000000000004,45.99,0.0001,0
28.09.2016 08:26:55.421,46.045,45.985,0.0001,0
28.09.2016 08:26:55.923,46.055,45.995,0.0001,0
28.09.2016 08:27:01.648,46.06,46,0.0001,0
28.09.2016 08:27:02.049,46.07,46.01,0.0001,0
28.09.2016 08:27:13.279,46.06,46,0.0001,0
28.09.2016 08:27:13.665,46.055,45.995,0.0001,0
28.09.2016 08:27:16.421,46.065,46.005,0.0001,0
28.09.2016 08:27:18.890,46.06,46,0.0001,0
28.09.2016 08:27:22.500,46.050000000000004,45.99,0.0001,0
28.09.2016 08:27:23.543,46.055,45.995,0.0001,0
28.09.2016 08:27:30.429,46.050000000000004,45.99,0.0001,0
28.09.2016 08:27:31.229,46.045,45.985,0.0001,0
28.09.2016 08:27:31.739,46.055,45.995,0.0001,0
28.09.2016 08:27:32.259,46.045,45.985,0.0001,0
28.09.2016 08:27:32.641,46.050000000000004,45.99,0.0001,0
28.09.2016 08:27:36.994,46.055,45.995,0.0001,0
28.09.2016 08:27:40.296,46.06,46,0.0001,0
28.09.2016 08:27:41.365,46.07,46.01,0.0001,0
28.09.2016 08:27:44.068,46.065,46.005,0.0001,0
28.09.2016 08:27:45.173,46.07,46.01,0.0001,0
28.09.2016 08:27:52.392,46.075,46.015,0.0001,0
28.09.2016 08:27:58.908,46.065,46.005,0.0001,0
28.09.2016 08:28:00.514,46.06,46,0.0001,0
28.09.2016 08:28:03.557,46.055,45.995,0.0001,0
28.09.2016 08:28:04.045,46.06,46,0.0001,0
28.09.2016 08:28:06.538,46.065,46.005,0.0001,0
28.09.2016 08:28:09.069,46.07,46.01,0.0001,0
28.09.2016 08:28:14.489,46.075,46.015,0.0001,0
28.09.2016 08:28:21.408,46.06,46,0.0001,0
28.09.2016 08:28:24.744,46.055,45.995,0.0001,0
28.09.2016 08:28:27.908,46.075,46.015,0.0001,0
28.09.2016 08:28:29.765,46.085,46.025,0.0001,0
28.09.2016 08:28:30.302,46.08,46.02,0.0001,0
28.09.2016 08:28:32.333,46.075,46.015,0.0001,0
28.09.2016 08:28:32.943,46.07,46.01,0.0001,0
28.09.2016 08:28:43.958,46.075,46.015,0.0001,0
28.09.2016 08:28:51.578,46.08,46.02,0.0001,0
28.09.2016 08:29:02.505,46.075,46.015,0.0001,0
28.09.2016 08:29:05.019,46.085,46.025,0.0001,0
28.09.2016 08:29:07.719,46.095,46.035000000000004,0.0001,0
28.09.2016 08:29:08.221,46.1,46.04,0.0001,0
28.09.2016 08:29:08.628,46.095,46.035000000000004,0.0001,0
28.09.2016 08:29:13.697,46.105000000000004,46.045,0.0001,0
28.09.2016 08:29:14.091,46.1,46.04,0.0001,0
28.09.2016 08:29:26.583,46.095,46.035000000000004,0.0001,0
28.09.2016 08:29:32.598,46.09,46.03,0.0001,0
28.09.2016 08:29:37.495,46.1,46.04,0.0001,0
28.09.2016 08:29:45.253,46.08,46.02,0.0001,0
28.09.2016 08:29:53.179,46.065,46.005,0.0001,0
28.09.2016 08:29:53.667,46.07,46.01,0.0001,0
28.09.2016 08:29:54.113,46.065,46.005,0.0001,0
28.09.2016 08:29:55.814,46.07,46.01,0.0001,0
28.09.2016 08:30:02.314,46.065,46.005,0.0001,0
28.09.2016 08:30:03.120,46.085,45.995,0.0001,0
28.09.2016 08:30:03.219,46.07,46.01,0.0001,0
28.09.2016 08:30:12.147,46.065,46.005,0.0001,0
28.09.2016 08:30:13.150,46.07,46.01,0.0001,0
28.09.2016 08:30:13.452,46.075,46.015,0.0001,0
28.09.2016 08:30:19.676,46.065,46.005,0.0001,0
28.09.2016 08:30:20.770,46.07,46.01,0.0001,0
28.09.2016 08:30:21.320,46.075,46.015,0.0001,0
28.09.2016 08:30:22.878,46.095,46.035000000000004,0.0001,0
28.09.2016 08:30:23.486,46.09,46.03,0.0001,0
28.09.2016 08:30:28.195,46.085,46.025,0.0001,0
28.09.2016 08:30:28.836,46.075,46.015,0.0001,0
28.09.2016 08:30:29.310,46.07,46.01,0.0001,0
28.09.2016 08:30:37.622,46.085,46.025,0.0001,0
28.09.2016 08:30:41.318,46.08,46.02,0.0001,0
28.09.2016 08:30:43.177,46.075,46.015,0.0001,0
28.09.2016 08:30:47.350,46.08,46.02,0.0001,0
28.09.2016 08:30:47.936,46.085,46.025,0.0001,0
28.09.2016 08:30:50.297,46.08,46.02,0.0001,0
28.09.2016 08:30:52.609,46.085,46.025,0.0001,0
28.09.2016 08:30:53.600,46.095,46.035000000000004,0.0001,0
28.09.2016 08:30:54.209,46.085,46.025,0.0001,0
28.09.2016 08:30:54.674,46.09,46.03,0.0001,0
28.09.2016 08:30:56.044,46.085,46.025,0.0001,0
28.09.2016 08:30:56.654,46.09,46.03,0.0001,0
28.09.2016 08:30:56.796,46.105000000000004,46.015,0.0001,0
28.09.2016 08:30:57.691,46.115,46.005,0.0001,0
28.09.2016 08:30:58.393,46.095,46.035000000000004,0.0001,0
