Local time,Ask,Bid,AskVolume,BidVolume
14.09.2016 01:00:01.391,47.305,47.245,0.0001,0
14.09.2016 01:00:01.614,47.325,47.255,0.0001,0
14.09.2016 01:00:01.764,47.325,47.265,0.0001,0
14.09.2016 01:00:02.066,47.315,47.255,0.0001,0
14.09.2016 01:00:03.218,47.31,47.25,0.0001,0
14.09.2016 01:00:03.618,47.305,47.245,0.0001,0
14.09.2016 01:00:06.423,47.300000000000004,47.24,0.0001,0
14.09.2016 01:00:07.133,47.295,47.235,0.0001,0
14.09.2016 01:00:10.229,47.28,47.22,0.0001,0
14.09.2016 01:00:10.636,47.275,47.215,0.0001,0
14.09.2016 01:00:12.986,47.28,47.22,0.0001,0
14.09.2016 01:00:25.965,47.285000000000004,47.225,0.0001,0
14.09.2016 01:01:05.511,47.28,47.22,0.0001,0
14.09.2016 01:01:08.923,47.285000000000004,47.225,0.0001,0
14.09.2016 01:01:19.072,47.28,47.22,0.0001,0
14.09.2016 01:01:28.683,47.275,47.215,0.0001,0
14.09.2016 01:01:36.092,47.27,47.21,0.0001,0
14.09.2016 01:01:52.584,47.26,47.2,0.0001,0
14.09.2016 01:02:07.122,47.265,47.205,0.0001,0
14.09.2016 01:02:19.713,47.27,47.21,0.0001,0
14.09.2016 01:02:30.549,47.275,47.215,0.0001,0
14.09.2016 01:02:53.604,47.28,47.22,0.0001,0
14.09.2016 01:02:59.680,47.29,47.230000000000004,0.0001,0
14.09.2016 01:03:16.397,47.285000000000004,47.225,0.0001,0
14.09.2016 01:03:16.837,47.275,47.215,0.0001,0
14.09.2016 01:03:18.699,47.28,47.22,0.0001,0
14.09.2016 01:03:19.900,47.275,47.215,0.0001,0
14.09.2016 01:03:30.710,47.27,47.21,0.0001,0
14.09.2016 01:03:35.521,47.275,47.215,0.0001,0
14.09.2016 01:03:39.422,47.27,47.21,0.0001,0
14.09.2016 01:03:39.820,47.28,47.22,0.0001,0
14.09.2016 01:03:41.021,47.285000000000004,47.225,0.0001,0
14.09.2016 01:03:51.932,47.29,47.230000000000004,0.0001,0
14.09.2016 01:05:43.063,47.295,47.235,0.0001,0
14.09.2016 01:06:19.404,47.29,47.230000000000004,0.0001,0
14.09.2016 01:06:19.726,47.285000000000004,47.225,0.0001,0
14.09.2016 01:06:24.210,47.29,47.230000000000004,0.0001,0
14.09.2016 01:07:00.848,47.295,47.235,0.0001,0
14.09.2016 01:07:36.395,47.31,47.25,0.0001,0
14.09.2016 01:09:00.893,47.315,47.255,0.0001,0
14.09.2016 01:09:11.293,47.31,47.25,0.0001,0
14.09.2016 01:10:00.356,47.305,47.245,0.0001,0
14.09.2016 01:10:12.167,47.300000000000004,47.24,0.0001,0
14.09.2016 01:12:10.198,47.305,47.245,0.0001,0
14.09.2016 01:12:49.341,47.325,47.265,0.0001,0
14.09.2016 01:12:49.899,47.33,47.27,0.0001,0
14.09.2016 01:12:57.552,47.325,47.265,0.0001,0
14.09.2016 01:13:19.079,47.33,47.27,0.0001,0
14.09.2016 01:13:38.901,47.335,47.275,0.0001,0
14.09.2016 01:13:56.458,47.33,47.27,0.0001,0
14.09.2016 01:14:50.454,47.335,47.275,0.0001,0
14.09.2016 01:15:40.967,47.34,47.28,0.0001,0
14.09.2016 01:16:01.394,47.335,47.275,0.0001,0
14.09.2016 01:16:16.609,47.34,47.28,0.0001,0
14.09.2016 01:16:17.373,47.345,47.285000000000004,0.0001,0
14.09.2016 01:16:32.725,47.34,47.28,0.0001,0
14.09.2016 01:16:40.631,47.335,47.275,0.0001,0
14.09.2016 01:16:40.974,47.34,47.28,0.0001,0
14.09.2016 01:16:52.072,47.33,47.27,0.0001,0
14.09.2016 01:17:17.075,47.34,47.28,0.0001,0
14.09.2016 01:17:28.496,47.335,47.275,0.0001,0
14.09.2016 01:17:32.293,47.345,47.285000000000004,0.0001,0
14.09.2016 01:17:32.830,47.35,47.29,0.0001,0
14.09.2016 01:17:36.001,47.345,47.285000000000004,0.0001,0
14.09.2016 01:17:42.010,47.35,47.29,0.0001,0
14.09.2016 01:17:53.225,47.345,47.285000000000004,0.0001,0
14.09.2016 01:18:00.937,47.35,47.29,0.0001,0
14.09.2016 01:18:01.664,47.345,47.285000000000004,0.0001,0
14.09.2016 01:18:36.487,47.34,47.28,0.0001,0
14.09.2016 01:18:38.291,47.345,47.285000000000004,0.0001,0
14.09.2016 01:18:42.812,47.34,47.28,0.0001,0
14.09.2016 01:18:43.814,47.35,47.29,0.0001,0
14.09.2016 01:18:47.113,47.37,47.31,0.0001,0
14.09.2016 01:19:04.540,47.375,47.315,0.0001,0
14.09.2016 01:19:17.272,47.385,47.325,0.0001,0
14.09.2016 01:19:30.477,47.38,47.32,0.0001,0
14.09.2016 01:19:42.704,47.375,47.315,0.0001,0
14.09.2016 01:20:22.486,47.365,47.305,0.0001,0
14.09.2016 01:20:27.796,47.355000000000004,47.295,0.0001,0
14.09.2016 01:20:28.297,47.35,47.29,0.0001,0
14.09.2016 01:20:36.913,47.36,47.300000000000004,0.0001,0
14.09.2016 01:20:37.496,47.355000000000004,47.295,0.0001,0
14.09.2016 01:20:39.130,47.36,47.300000000000004,0.0001,0
14.09.2016 01:20:40.620,47.355000000000004,47.295,0.0001,0
14.09.2016 01:20:48.328,47.35,47.29,0.0001,0
14.09.2016 01:21:07.050,47.345,47.285000000000004,0.0001,0
14.09.2016 01:21:15.170,47.335,47.275,0.0001,0
14.09.2016 01:21:20.963,47.33,47.27,0.0001,0
14.09.2016 01:21:26.769,47.335,47.275,0.0001,0
14.09.2016 01:21:39.142,47.34,47.28,0.0001,0
14.09.2016 01:21:40.082,47.355000000000004,47.295,0.0001,0
14.09.2016 01:22:04.316,47.35,47.29,0.0001,0
14.09.2016 01:22:12.530,47.355000000000004,47.295,0.0001,0
14.09.2016 01:22:22.553,47.34,47.28,0.0001,0
14.09.2016 01:22:37.067,47.335,47.275,0.0001,0
14.09.2016 01:22:43.173,47.33,47.27,0.0001,0
14.09.2016 01:22:57.092,47.335,47.275,0.0001,0
14.09.2016 01:22:57.539,47.34,47.28,0.0001,0
14.09.2016 01:23:01.091,47.335,47.275,0.0001,0
14.09.2016 01:23:07.699,47.34,47.28,0.0001,0
14.09.2016 01:23:20.130,47.345,47.285000000000004,0.0001,0
14.09.2016 01:23:35.431,47.355000000000004,47.295,0.0001,0
14.09.2016 01:23:35.804,47.35,47.29,0.0001,0
14.09.2016 01:23:38.034,47.365,47.305,0.0001,0
14.09.2016 01:23:52.448,47.36,47.300000000000004,0.0001,0
14.09.2016 01:24:04.859,47.38,47.32,0.0001,0
14.09.2016 01:24:08.768,47.385,47.325,0.0001,0
14.09.2016 01:24:09.769,47.375,47.315,0.0001,0
14.09.2016 01:24:13.532,47.37,47.31,0.0001,0
14.09.2016 01:24:17.531,47.385,47.325,0.0001,0
14.09.2016 01:24:18.101,47.38,47.32,0.0001,0
14.09.2016 01:24:20.534,47.37,47.31,0.0001,0
14.09.2016 01:24:24.064,47.365,47.305,0.0001,0
14.09.2016 01:24:35.749,47.37,47.31,0.0001,0
14.09.2016 01:24:42.957,47.38,47.32,0.0001,0
14.09.2016 01:24:55.068,47.37,47.31,0.0001,0
14.09.2016 01:24:55.431,47.375,47.315,0.0001,0
14.09.2016 01:25:03.275,47.38,47.32,0.0001,0
14.09.2016 01:25:03.698,47.375,47.315,0.0001,0
14.09.2016 01:25:10.182,47.38,47.32,0.0001,0
14.09.2016 01:25:46.936,47.385,47.325,0.0001,0
14.09.2016 01:26:48.576,47.38,47.32,0.0001,0
14.09.2016 01:26:59.503,47.385,47.325,0.0001,0
14.09.2016 01:27:25.613,47.38,47.32,0.0001,0
14.09.2016 01:28:20.546,47.385,47.325,0.0001,0
14.09.2016 01:28:30.786,47.38,47.32,0.0001,0
14.09.2016 01:28:55.010,47.385,47.325,0.0001,0
14.09.2016 01:29:03.520,47.38,47.32,0.0001,0
14.09.2016 01:29:04.021,47.375,47.315,0.0001,0
14.09.2016 01:29:04.731,47.385,47.325,0.0001,0
14.09.2016 01:29:07.225,47.38,47.32,0.0001,0
14.09.2016 01:29:09.828,47.385,47.325,0.0001,0
14.09.2016 01:29:11.372,47.375,47.315,0.0001,0
14.09.2016 01:29:11.748,47.365,47.305,0.0001,0
14.09.2016 01:29:13.533,47.37,47.31,0.0001,0
14.09.2016 01:31:24.471,47.375,47.315,0.0001,0
14.09.2016 01:31:48.296,47.38,47.32,0.0001,0
14.09.2016 01:32:13.318,47.375,47.315,0.0001,0
14.09.2016 01:32:22.233,47.38,47.32,0.0001,0
14.09.2016 01:32:34.941,47.375,47.315,0.0001,0
14.09.2016 01:32:46.553,47.38,47.32,0.0001,0
14.09.2016 01:32:48.955,47.37,47.31,0.0001,0
14.09.2016 01:33:03.723,47.365,47.305,0.0001,0
14.09.2016 01:33:45.121,47.35,47.29,0.0001,0
14.09.2016 01:33:45.520,47.345,47.285000000000004,0.0001,0
14.09.2016 01:33:50.243,47.35,47.29,0.0001,0
14.09.2016 01:33:51.526,47.355000000000004,47.295,0.0001,0
14.09.2016 01:33:52.727,47.35,47.29,0.0001,0
14.09.2016 01:33:53.326,47.355000000000004,47.295,0.0001,0
14.09.2016 01:33:54.429,47.35,47.29,0.0001,0
14.09.2016 01:33:54.844,47.355000000000004,47.295,0.0001,0
14.09.2016 01:33:58.434,47.35,47.29,0.0001,0
14.09.2016 01:34:01.637,47.345,47.285000000000004,0.0001,0
14.09.2016 01:34:07.376,47.35,47.29,0.0001,0
14.09.2016 01:34:30.771,47.345,47.285000000000004,0.0001,0
14.09.2016 01:34:34.174,47.35,47.29,0.0001,0
14.09.2016 01:34:44.288,47.345,47.285000000000004,0.0001,0
14.09.2016 01:35:42.146,47.35,47.29,0.0001,0
14.09.2016 01:36:06.871,47.36,47.300000000000004,0.0001,0
14.09.2016 01:36:34.098,47.35,47.29,0.0001,0
14.09.2016 01:36:45.559,47.345,47.285000000000004,0.0001,0
14.09.2016 01:36:56.620,47.35,47.29,0.0001,0
14.09.2016 01:36:56.994,47.345,47.285000000000004,0.0001,0
14.09.2016 01:36:58.922,47.35,47.29,0.0001,0
14.09.2016 01:37:00.524,47.355000000000004,47.295,0.0001,0
14.09.2016 01:37:12.187,47.36,47.300000000000004,0.0001,0
14.09.2016 01:37:40.562,47.355000000000004,47.295,0.0001,0
14.09.2016 01:37:48.970,47.36,47.300000000000004,0.0001,0
14.09.2016 01:37:54.981,47.355000000000004,47.295,0.0001,0
14.09.2016 01:38:14.801,47.35,47.29,0.0001,0
14.09.2016 01:38:52.737,47.345,47.285000000000004,0.0001,0
14.09.2016 01:39:11.657,47.35,47.29,0.0001,0
14.09.2016 01:40:40.282,47.345,47.285000000000004,0.0001,0
14.09.2016 01:40:40.749,47.34,47.28,0.0001,0
14.09.2016 01:40:41.984,47.335,47.275,0.0001,0
14.09.2016 01:40:42.600,47.33,47.27,0.0001,0
14.09.2016 01:40:52.567,47.335,47.275,0.0001,0
14.09.2016 01:41:39.615,47.34,47.28,0.0001,0
14.09.2016 01:42:07.239,47.335,47.275,0.0001,0
14.09.2016 01:42:59.094,47.34,47.28,0.0001,0
14.09.2016 01:44:03.366,47.335,47.275,0.0001,0
14.09.2016 01:45:44.164,47.34,47.28,0.0001,0
14.09.2016 01:46:03.882,47.335,47.275,0.0001,0
14.09.2016 01:46:24.102,47.34,47.28,0.0001,0
14.09.2016 01:46:38.821,47.35,47.29,0.0001,0
14.09.2016 01:46:52.774,47.36,47.300000000000004,0.0001,0
14.09.2016 01:46:53.382,47.355000000000004,47.295,0.0001,0
14.09.2016 01:46:53.711,47.35,47.29,0.0001,0
14.09.2016 01:46:54.042,47.355000000000004,47.295,0.0001,0
14.09.2016 01:46:55.338,47.345,47.285000000000004,0.0001,0
14.09.2016 01:47:11.651,47.35,47.29,0.0001,0
14.09.2016 01:47:12.170,47.36,47.300000000000004,0.0001,0
14.09.2016 01:49:39.664,47.355000000000004,47.295,0.0001,0
14.09.2016 01:51:34.152,47.36,47.300000000000004,0.0001,0
14.09.2016 01:51:38.469,47.365,47.305,0.0001,0
14.09.2016 01:52:05.192,47.36,47.300000000000004,0.0001,0
14.09.2016 01:52:15.801,47.355000000000004,47.295,0.0001,0
14.09.2016 01:52:33.462,47.365,47.305,0.0001,0
14.09.2016 01:52:47.239,47.355000000000004,47.295,0.0001,0
14.09.2016 01:52:47.632,47.36,47.300000000000004,0.0001,0
14.09.2016 01:52:59.228,47.365,47.305,0.0001,0
14.09.2016 01:53:25.152,47.355000000000004,47.295,0.0001,0
14.09.2016 01:53:59.382,47.365,47.305,0.0001,0
14.09.2016 01:54:31.017,47.355000000000004,47.295,0.0001,0
14.09.2016 01:55:22.367,47.36,47.300000000000004,0.0001,0
14.09.2016 01:55:42.112,47.355000000000004,47.295,0.0001,0
14.09.2016 01:55:44.887,47.36,47.300000000000004,0.0001,0
14.09.2016 01:56:00.201,47.355000000000004,47.295,0.0001,0
14.09.2016 01:56:51.163,47.365,47.305,0.0001,0
14.09.2016 01:56:51.642,47.36,47.300000000000004,0.0001,0
14.09.2016 01:57:05.872,47.365,47.305,0.0001,0
14.09.2016 01:58:58.395,47.37,47.31,0.0001,0
14.09.2016 01:59:03.531,47.365,47.305,0.0001,0
14.09.2016 01:59:09.306,47.37,47.31,0.0001,0
14.09.2016 01:59:19.214,47.365,47.305,0.0001,0
14.09.2016 01:59:30.367,47.36,47.300000000000004,0.0001,0
14.09.2016 02:00:16.167,47.365,47.305,0.0001,0
14.09.2016 02:02:06.778,47.36,47.300000000000004,0.0001,0
14.09.2016 02:02:21.700,47.355000000000004,47.295,0.0001,0
14.09.2016 02:02:26.006,47.36,47.300000000000004,0.0001,0
14.09.2016 02:02:37.516,47.365,47.305,0.0001,0
14.09.2016 02:02:42.732,47.36,47.300000000000004,0.0001,0
14.09.2016 02:02:43.324,47.365,47.305,0.0001,0
14.09.2016 02:02:53.934,47.355000000000004,47.295,0.0001,0
14.09.2016 02:03:22.905,47.36,47.300000000000004,0.0001,0
14.09.2016 02:03:30.331,47.365,47.305,0.0001,0
14.09.2016 02:04:02.537,47.36,47.300000000000004,0.0001,0
14.09.2016 02:04:35.231,47.365,47.305,0.0001,0
14.09.2016 02:04:41.737,47.36,47.300000000000004,0.0001,0
14.09.2016 02:05:51.598,47.365,47.305,0.0001,0
14.09.2016 02:06:08.257,47.375,47.315,0.0001,0
14.09.2016 02:06:08.787,47.37,47.31,0.0001,0
14.09.2016 02:06:11.122,47.375,47.315,0.0001,0
14.09.2016 02:06:26.441,47.365,47.305,0.0001,0
14.09.2016 02:06:54.671,47.36,47.300000000000004,0.0001,0
14.09.2016 02:07:09.074,47.365,47.305,0.0001,0
14.09.2016 02:07:20.684,47.36,47.300000000000004,0.0001,0
14.09.2016 02:07:24.687,47.365,47.305,0.0001,0
14.09.2016 02:07:25.161,47.37,47.31,0.0001,0
14.09.2016 02:07:30.902,47.365,47.305,0.0001,0
14.09.2016 02:08:34.262,47.375,47.315,0.0001,0
14.09.2016 02:08:47.577,47.37,47.31,0.0001,0
14.09.2016 02:08:49.184,47.355000000000004,47.295,0.0001,0
14.09.2016 02:08:51.481,47.36,47.300000000000004,0.0001,0
14.09.2016 02:09:02.895,47.375,47.315,0.0001,0
14.09.2016 02:09:03.370,47.37,47.31,0.0001,0
14.09.2016 02:09:11.003,47.375,47.315,0.0001,0
14.09.2016 02:09:21.213,47.39,47.33,0.0001,0
14.09.2016 02:09:21.713,47.385,47.325,0.0001,0
14.09.2016 02:09:43.032,47.37,47.31,0.0001,0
14.09.2016 02:09:49.838,47.36,47.300000000000004,0.0001,0
14.09.2016 02:09:50.440,47.365,47.305,0.0001,0
14.09.2016 02:09:54.544,47.36,47.300000000000004,0.0001,0
14.09.2016 02:09:57.341,47.355000000000004,47.295,0.0001,0
14.09.2016 02:10:05.966,47.37,47.31,0.0001,0
14.09.2016 02:10:13.701,47.365,47.305,0.0001,0
14.09.2016 02:10:15.881,47.385,47.325,0.0001,0
14.09.2016 02:10:17.983,47.39,47.33,0.0001,0
14.09.2016 02:10:28.921,47.385,47.325,0.0001,0
14.09.2016 02:10:46.700,47.38,47.32,0.0001,0
14.09.2016 02:10:53.548,47.385,47.325,0.0001,0
14.09.2016 02:10:54.249,47.38,47.32,0.0001,0
14.09.2016 02:10:55.150,47.385,47.325,0.0001,0
14.09.2016 02:11:00.655,47.38,47.32,0.0001,0
14.09.2016 02:11:04.574,47.385,47.325,0.0001,0
14.09.2016 02:11:04.907,47.395,47.335,0.0001,0
14.09.2016 02:11:05.761,47.39,47.33,0.0001,0
14.09.2016 02:11:07.267,47.385,47.325,0.0001,0
14.09.2016 02:11:09.991,47.395,47.335,0.0001,0
14.09.2016 02:11:10.332,47.39,47.33,0.0001,0
14.09.2016 02:11:11.267,47.395,47.335,0.0001,0
14.09.2016 02:11:13.270,47.39,47.33,0.0001,0
14.09.2016 02:11:14.471,47.385,47.325,0.0001,0
14.09.2016 02:11:15.972,47.395,47.335,0.0001,0
14.09.2016 02:11:16.473,47.39,47.33,0.0001,0
14.09.2016 02:11:17.074,47.385,47.325,0.0001,0
14.09.2016 02:11:19.578,47.395,47.335,0.0001,0
14.09.2016 02:11:20.605,47.385,47.325,0.0001,0
14.09.2016 02:11:21.580,47.395,47.335,0.0001,0
14.09.2016 02:11:22.503,47.4,47.34,0.0001,0
14.09.2016 02:11:22.888,47.395,47.335,0.0001,0
14.09.2016 02:11:23.983,47.39,47.33,0.0001,0
14.09.2016 02:11:24.743,47.395,47.335,0.0001,0
14.09.2016 02:11:27.187,47.385,47.325,0.0001,0
14.09.2016 02:11:27.787,47.395,47.335,0.0001,0
14.09.2016 02:11:29.241,47.39,47.33,0.0001,0
14.09.2016 02:11:29.831,47.385,47.325,0.0001,0
14.09.2016 02:11:31.892,47.395,47.335,0.0001,0
14.09.2016 02:12:36.460,47.4,47.34,0.0001,0
14.09.2016 02:13:03.988,47.395,47.335,0.0001,0
14.09.2016 02:13:13.596,47.405,47.345,0.0001,0
14.09.2016 02:13:14.497,47.410000000000004,47.35,0.0001,0
14.09.2016 02:13:14.961,47.415,47.355000000000004,0.0001,0
14.09.2016 02:13:15.899,47.410000000000004,47.35,0.0001,0
14.09.2016 02:13:22.606,47.405,47.345,0.0001,0
14.09.2016 02:13:23.652,47.410000000000004,47.35,0.0001,0
14.09.2016 02:13:24.810,47.415,47.355000000000004,0.0001,0
14.09.2016 02:13:45.861,47.405,47.345,0.0001,0
14.09.2016 02:13:56.142,47.415,47.355000000000004,0.0001,0
14.09.2016 02:13:56.581,47.410000000000004,47.35,0.0001,0
14.09.2016 02:13:57.144,47.415,47.355000000000004,0.0001,0
14.09.2016 02:13:57.738,47.410000000000004,47.35,0.0001,0
14.09.2016 02:13:58.213,47.405,47.345,0.0001,0
14.09.2016 02:13:59.047,47.410000000000004,47.35,0.0001,0
14.09.2016 02:13:59.547,47.415,47.355000000000004,0.0001,0
14.09.2016 02:14:00.449,47.410000000000004,47.35,0.0001,0
14.09.2016 02:14:01.088,47.415,47.355000000000004,0.0001,0
14.09.2016 02:14:02.470,47.410000000000004,47.35,0.0001,0
14.09.2016 02:14:02.852,47.405,47.345,0.0001,0
14.09.2016 02:14:03.787,47.410000000000004,47.35,0.0001,0
14.09.2016 02:14:11.104,47.405,47.345,0.0001,0
14.09.2016 02:14:12.157,47.410000000000004,47.35,0.0001,0
14.09.2016 02:14:13.865,47.405,47.345,0.0001,0
14.09.2016 02:14:14.366,47.410000000000004,47.35,0.0001,0
14.09.2016 02:14:18.076,47.405,47.345,0.0001,0
14.09.2016 02:14:18.486,47.415,47.355000000000004,0.0001,0
14.09.2016 02:14:19.479,47.405,47.345,0.0001,0
14.09.2016 02:14:23.522,47.4,47.34,0.0001,0
14.09.2016 02:14:34.409,47.405,47.345,0.0001,0
14.09.2016 02:14:43.022,47.410000000000004,47.35,0.0001,0
14.09.2016 02:14:44.320,47.405,47.345,0.0001,0
14.09.2016 02:14:46.839,47.410000000000004,47.35,0.0001,0
14.09.2016 02:14:48.736,47.405,47.345,0.0001,0
14.09.2016 02:14:57.338,47.4,47.34,0.0001,0
14.09.2016 02:14:59.040,47.405,47.345,0.0001,0
14.09.2016 02:15:00.239,47.410000000000004,47.35,0.0001,0
14.09.2016 02:15:01.046,47.405,47.345,0.0001,0
14.09.2016 02:15:11.112,47.4,47.34,0.0001,0
14.09.2016 02:15:30.929,47.395,47.335,0.0001,0
14.09.2016 02:15:31.411,47.39,47.33,0.0001,0
14.09.2016 02:15:46.646,47.385,47.325,0.0001,0
14.09.2016 02:16:00.256,47.38,47.32,0.0001,0
14.09.2016 02:16:03.662,47.385,47.325,0.0001,0
14.09.2016 02:16:18.783,47.39,47.33,0.0001,0
14.09.2016 02:16:42.419,47.395,47.335,0.0001,0
14.09.2016 02:16:45.525,47.405,47.345,0.0001,0
14.09.2016 02:16:54.131,47.4,47.34,0.0001,0
14.09.2016 02:17:40.386,47.405,47.345,0.0001,0
14.09.2016 02:17:40.852,47.4,47.34,0.0001,0
14.09.2016 02:17:41.588,47.405,47.345,0.0001,0
14.09.2016 02:17:46.393,47.395,47.335,0.0001,0
14.09.2016 02:17:50.698,47.385,47.325,0.0001,0
14.09.2016 02:18:11.958,47.375,47.315,0.0001,0
14.09.2016 02:18:22.944,47.37,47.31,0.0001,0
14.09.2016 02:18:55.188,47.375,47.315,0.0001,0
14.09.2016 02:19:07.203,47.38,47.32,0.0001,0
14.09.2016 02:19:51.379,47.385,47.325,0.0001,0
14.09.2016 02:20:03.581,47.38,47.32,0.0001,0
14.09.2016 02:20:03.897,47.4,47.34,0.0001,0
14.09.2016 02:20:04.783,47.410000000000004,47.35,0.0001,0
14.09.2016 02:20:05.284,47.405,47.345,0.0001,0
14.09.2016 02:20:05.827,47.410000000000004,47.35,0.0001,0
14.09.2016 02:20:06.185,47.405,47.345,0.0001,0
14.09.2016 02:20:06.731,47.410000000000004,47.35,0.0001,0
14.09.2016 02:20:07.587,47.405,47.345,0.0001,0
14.09.2016 02:20:08.049,47.4,47.34,0.0001,0
14.09.2016 02:20:13.995,47.405,47.345,0.0001,0
14.09.2016 02:20:18.004,47.4,47.34,0.0001,0
14.09.2016 02:20:19.303,47.395,47.335,0.0001,0
14.09.2016 02:20:20.709,47.39,47.33,0.0001,0
14.09.2016 02:20:22.807,47.395,47.335,0.0001,0
14.09.2016 02:20:24.024,47.4,47.34,0.0001,0
14.09.2016 02:20:24.716,47.395,47.335,0.0001,0
14.09.2016 02:20:31.423,47.39,47.33,0.0001,0
14.09.2016 02:20:33.634,47.395,47.335,0.0001,0
14.09.2016 02:20:46.444,47.4,47.34,0.0001,0
14.09.2016 02:20:47.245,47.39,47.33,0.0001,0
14.09.2016 02:20:48.078,47.410000000000004,47.35,0.0001,0
14.09.2016 02:20:51.613,47.405,47.345,0.0001,0
14.09.2016 02:21:02.765,47.4,47.34,0.0001,0
14.09.2016 02:22:30.502,47.39,47.33,0.0001,0
14.09.2016 02:22:55.119,47.37,47.31,0.0001,0
14.09.2016 02:23:05.234,47.375,47.315,0.0001,0
14.09.2016 02:23:07.947,47.37,47.31,0.0001,0
14.09.2016 02:23:08.348,47.375,47.315,0.0001,0
14.09.2016 02:23:08.950,47.37,47.31,0.0001,0
14.09.2016 02:23:09.851,47.375,47.315,0.0001,0
14.09.2016 02:23:11.059,47.37,47.31,0.0001,0
14.09.2016 02:23:13.113,47.365,47.305,0.0001,0
14.09.2016 02:23:13.657,47.38,47.32,0.0001,0
14.09.2016 02:23:14.247,47.365,47.305,0.0001,0
14.09.2016 02:23:24.470,47.36,47.300000000000004,0.0001,0
14.09.2016 02:23:38.316,47.355000000000004,47.295,0.0001,0
14.09.2016 02:23:43.909,47.35,47.29,0.0001,0
14.09.2016 02:23:51.644,47.32,47.26,0.0001,0
14.09.2016 02:23:51.976,47.315,47.255,0.0001,0
14.09.2016 02:23:55.823,47.31,47.25,0.0001,0
14.09.2016 02:23:56.156,47.300000000000004,47.24,0.0001,0
14.09.2016 02:23:59.612,47.31,47.25,0.0001,0
14.09.2016 02:24:02.315,47.305,47.245,0.0001,0
14.09.2016 02:24:07.222,47.31,47.25,0.0001,0
14.09.2016 02:24:17.036,47.315,47.255,0.0001,0
14.09.2016 02:24:21.643,47.31,47.25,0.0001,0
14.09.2016 02:24:24.702,47.305,47.245,0.0001,0
14.09.2016 02:24:38.583,47.300000000000004,47.24,0.0001,0
14.09.2016 02:24:39.284,47.305,47.245,0.0001,0
14.09.2016 02:24:40.486,47.300000000000004,47.24,0.0001,0
14.09.2016 02:25:02.532,47.29,47.230000000000004,0.0001,0
14.09.2016 02:25:04.440,47.295,47.235,0.0001,0
14.09.2016 02:25:04.759,47.29,47.230000000000004,0.0001,0
14.09.2016 02:25:19.956,47.295,47.235,0.0001,0
14.09.2016 02:25:39.280,47.29,47.230000000000004,0.0001,0
14.09.2016 02:25:45.601,47.285000000000004,47.225,0.0001,0
14.09.2016 02:25:48.088,47.29,47.230000000000004,0.0001,0
14.09.2016 02:25:48.901,47.285000000000004,47.225,0.0001,0
14.09.2016 02:25:53.093,47.29,47.230000000000004,0.0001,0
14.09.2016 02:26:14.620,47.285000000000004,47.225,0.0001,0
14.09.2016 02:26:29.437,47.29,47.230000000000004,0.0001,0
14.09.2016 02:26:47.462,47.285000000000004,47.225,0.0001,0
14.09.2016 02:27:09.389,47.29,47.230000000000004,0.0001,0
14.09.2016 02:27:30.414,47.285000000000004,47.225,0.0001,0
14.09.2016 02:27:31.315,47.29,47.230000000000004,0.0001,0
14.09.2016 02:27:42.431,47.27,47.21,0.0001,0
14.09.2016 02:27:44.650,47.265,47.205,0.0001,0
14.09.2016 02:27:56.545,47.275,47.215,0.0001,0
14.09.2016 02:27:57.139,47.27,47.21,0.0001,0
14.09.2016 02:27:59.548,47.28,47.22,0.0001,0
14.09.2016 02:28:08.962,47.275,47.215,0.0001,0
14.09.2016 02:28:21.478,47.28,47.22,0.0001,0
14.09.2016 02:28:36.595,47.275,47.215,0.0001,0
14.09.2016 02:28:43.503,47.28,47.22,0.0001,0
14.09.2016 02:28:44.000,47.275,47.215,0.0001,0
14.09.2016 02:28:54.017,47.265,47.205,0.0001,0
14.09.2016 02:28:57.121,47.29,47.230000000000004,0.0001,0
14.09.2016 02:29:01.625,47.285000000000004,47.225,0.0001,0
14.09.2016 02:29:06.540,47.29,47.230000000000004,0.0001,0
14.09.2016 02:29:13.039,47.295,47.235,0.0001,0
14.09.2016 02:29:13.840,47.31,47.25,0.0001,0
14.09.2016 02:29:15.072,47.305,47.245,0.0001,0
14.09.2016 02:29:18.246,47.315,47.255,0.0001,0
14.09.2016 02:29:19.248,47.31,47.25,0.0001,0
14.09.2016 02:29:22.452,47.305,47.245,0.0001,0
14.09.2016 02:29:29.674,47.31,47.25,0.0001,0
14.09.2016 02:29:33.268,47.305,47.245,0.0001,0
14.09.2016 02:29:37.189,47.31,47.25,0.0001,0
14.09.2016 02:29:43.685,47.295,47.235,0.0001,0
14.09.2016 02:29:44.587,47.300000000000004,47.24,0.0001,0
14.09.2016 02:29:48.601,47.315,47.255,0.0001,0
14.09.2016 02:29:55.003,47.31,47.25,0.0001,0
14.09.2016 02:29:57.244,47.315,47.255,0.0001,0
14.09.2016 02:29:57.678,47.31,47.25,0.0001,0
14.09.2016 02:29:59.511,47.315,47.255,0.0001,0
14.09.2016 02:30:14.948,47.31,47.25,0.0001,0
14.09.2016 02:30:17.749,47.315,47.255,0.0001,0
14.09.2016 02:30:24.063,47.32,47.26,0.0001,0
14.09.2016 02:30:26.278,47.315,47.255,0.0001,0
14.09.2016 02:30:27.118,47.31,47.25,0.0001,0
14.09.2016 02:30:30.687,47.305,47.245,0.0001,0
14.09.2016 02:30:31.279,47.305,47.215,0.0001,0
14.09.2016 02:30:31.488,47.29,47.230000000000004,0.0001,0
14.09.2016 02:30:35.300,47.300000000000004,47.24,0.0001,0
14.09.2016 02:30:35.627,47.305,47.245,0.0001,0
14.09.2016 02:30:35.953,47.315,47.255,0.0001,0
14.09.2016 02:30:47.629,47.31,47.25,0.0001,0
14.09.2016 02:30:48.535,47.315,47.255,0.0001,0
14.09.2016 02:30:48.878,47.305,47.245,0.0001,0
14.09.2016 02:30:49.937,47.300000000000004,47.24,0.0001,0
14.09.2016 02:30:51.442,47.295,47.235,0.0001,0
14.09.2016 02:30:51.941,47.305,47.245,0.0001,0
14.09.2016 02:30:52.529,47.295,47.235,0.0001,0
14.09.2016 02:30:54.549,47.29,47.230000000000004,0.0001,0
14.09.2016 02:30:54.912,47.295,47.235,0.0001,0
14.09.2016 02:30:55.293,47.300000000000004,47.24,0.0001,0
14.09.2016 02:30:56.463,47.295,47.235,0.0001,0
14.09.2016 02:31:07.459,47.29,47.230000000000004,0.0001,0
14.09.2016 02:32:21.837,47.295,47.235,0.0001,0
14.09.2016 02:32:32.365,47.300000000000004,47.24,0.0001,0
14.09.2016 02:33:08.724,47.305,47.245,0.0001,0
14.09.2016 02:33:10.621,47.315,47.255,0.0001,0
14.09.2016 02:33:15.000,47.32,47.26,0.0001,0
14.09.2016 02:33:15.504,47.33,47.27,0.0001,0
14.09.2016 02:33:17.608,47.34,47.28,0.0001,0
14.09.2016 02:33:17.935,47.335,47.275,0.0001,0
14.09.2016 02:33:22.819,47.33,47.27,0.0001,0
14.09.2016 02:33:30.837,47.325,47.265,0.0001,0
14.09.2016 02:33:43.802,47.33,47.27,0.0001,0
14.09.2016 02:34:00.890,47.325,47.265,0.0001,0
14.09.2016 02:34:17.646,47.33,47.27,0.0001,0
14.09.2016 02:34:18.740,47.335,47.275,0.0001,0
14.09.2016 02:34:28.774,47.33,47.27,0.0001,0
14.09.2016 02:35:10.948,47.335,47.275,0.0001,0
14.09.2016 02:35:11.323,47.34,47.28,0.0001,0
14.09.2016 02:35:11.654,47.335,47.275,0.0001,0
14.09.2016 02:35:13.955,47.34,47.28,0.0001,0
14.09.2016 02:35:22.879,47.335,47.275,0.0001,0
14.09.2016 02:35:34.900,47.355000000000004,47.295,0.0001,0
14.09.2016 02:36:13.258,47.35,47.29,0.0001,0
14.09.2016 02:36:40.093,47.355000000000004,47.295,0.0001,0
14.09.2016 02:37:37.300,47.36,47.300000000000004,0.0001,0
14.09.2016 02:37:49.961,47.355000000000004,47.295,0.0001,0
14.09.2016 02:38:17.272,47.35,47.29,0.0001,0
14.09.2016 02:38:17.619,47.335,47.275,0.0001,0
14.09.2016 02:38:18.670,47.34,47.28,0.0001,0
14.09.2016 02:38:20.020,47.335,47.275,0.0001,0
14.09.2016 02:38:23.085,47.34,47.28,0.0001,0
14.09.2016 02:38:25.689,47.345,47.285000000000004,0.0001,0
14.09.2016 02:38:36.017,47.35,47.29,0.0001,0
14.09.2016 02:38:39.102,47.345,47.285000000000004,0.0001,0
14.09.2016 02:38:39.803,47.34,47.28,0.0001,0
14.09.2016 02:38:54.428,47.335,47.275,0.0001,0
14.09.2016 02:39:00.237,47.33,47.27,0.0001,0
14.09.2016 02:39:05.446,47.325,47.265,0.0001,0
14.09.2016 02:39:24.479,47.32,47.26,0.0001,0
14.09.2016 02:39:34.996,47.325,47.265,0.0001,0
14.09.2016 02:39:57.863,47.33,47.27,0.0001,0
14.09.2016 02:39:58.249,47.31,47.25,0.0001,0
14.09.2016 02:40:04.169,47.305,47.245,0.0001,0
14.09.2016 02:40:08.194,47.31,47.25,0.0001,0
14.09.2016 02:40:09.647,47.32,47.26,0.0001,0
14.09.2016 02:40:11.754,47.325,47.265,0.0001,0
14.09.2016 02:40:14.861,47.315,47.255,0.0001,0
14.09.2016 02:40:20.271,47.31,47.25,0.0001,0
14.09.2016 02:40:20.895,47.295,47.235,0.0001,0
14.09.2016 02:40:22.073,47.300000000000004,47.24,0.0001,0
14.09.2016 02:40:33.491,47.305,47.245,0.0001,0
14.09.2016 02:40:47.924,47.300000000000004,47.24,0.0001,0
14.09.2016 02:40:59.945,47.295,47.235,0.0001,0
14.09.2016 02:41:12.669,47.300000000000004,47.24,0.0001,0
14.09.2016 02:41:13.613,47.29,47.230000000000004,0.0001,0
14.09.2016 02:41:26.990,47.285000000000004,47.225,0.0001,0
14.09.2016 02:41:38.006,47.295,47.235,0.0001,0
14.09.2016 02:41:39.123,47.29,47.230000000000004,0.0001,0
14.09.2016 02:41:40.110,47.285000000000004,47.225,0.0001,0
14.09.2016 02:41:43.314,47.29,47.230000000000004,0.0001,0
14.09.2016 02:41:55.032,47.285000000000004,47.225,0.0001,0
14.09.2016 02:42:02.940,47.275,47.215,0.0001,0
14.09.2016 02:42:08.810,47.28,47.22,0.0001,0
14.09.2016 02:42:10.350,47.265,47.205,0.0001,0
14.09.2016 02:42:10.807,47.25,47.19,0.0001,0
14.09.2016 02:42:14.263,47.27,47.21,0.0001,0
14.09.2016 02:42:17.359,47.265,47.205,0.0001,0
14.09.2016 02:42:17.861,47.275,47.215,0.0001,0
14.09.2016 02:42:18.363,47.285000000000004,47.225,0.0001,0
14.09.2016 02:42:29.977,47.295,47.235,0.0001,0
14.09.2016 02:42:32.480,47.29,47.230000000000004,0.0001,0
14.09.2016 02:42:35.684,47.285000000000004,47.225,0.0001,0
14.09.2016 02:42:36.085,47.28,47.22,0.0001,0
14.09.2016 02:42:36.524,47.275,47.215,0.0001,0
14.09.2016 02:42:48.206,47.27,47.21,0.0001,0
14.09.2016 02:43:05.749,47.275,47.215,0.0001,0
14.09.2016 02:43:22.143,47.28,47.22,0.0001,0
14.09.2016 02:44:15.917,47.285000000000004,47.225,0.0001,0
14.09.2016 02:44:23.130,47.29,47.230000000000004,0.0001,0
14.09.2016 02:44:23.669,47.28,47.22,0.0001,0
14.09.2016 02:44:24.133,47.275,47.215,0.0001,0
14.09.2016 02:44:36.649,47.28,47.22,0.0001,0
14.09.2016 02:44:39.853,47.27,47.21,0.0001,0
14.09.2016 02:44:52.272,47.265,47.205,0.0001,0
14.09.2016 02:45:00.919,47.27,47.21,0.0001,0
14.09.2016 02:45:12.299,47.28,47.22,0.0001,0
14.09.2016 02:45:27.713,47.275,47.215,0.0001,0
14.09.2016 02:45:32.419,47.28,47.22,0.0001,0
14.09.2016 02:45:34.924,47.275,47.215,0.0001,0
14.09.2016 02:45:49.304,47.28,47.22,0.0001,0
14.09.2016 02:45:50.045,47.275,47.215,0.0001,0
14.09.2016 02:46:04.964,47.27,47.21,0.0001,0
14.09.2016 02:46:12.081,47.26,47.2,0.0001,0
14.09.2016 02:46:12.382,47.255,47.195,0.0001,0
14.09.2016 02:46:16.231,47.26,47.2,0.0001,0
14.09.2016 02:46:21.349,47.255,47.195,0.0001,0
14.09.2016 02:46:33.628,47.26,47.2,0.0001,0
14.09.2016 02:46:40.328,47.255,47.195,0.0001,0
14.09.2016 02:46:50.077,47.26,47.2,0.0001,0
14.09.2016 02:46:53.645,47.255,47.195,0.0001,0
14.09.2016 02:47:19.386,47.265,47.205,0.0001,0
14.09.2016 02:47:38.310,47.255,47.195,0.0001,0
14.09.2016 02:48:23.370,47.25,47.19,0.0001,0
14.09.2016 02:48:23.826,47.245,47.185,0.0001,0
14.09.2016 02:48:24.154,47.25,47.19,0.0001,0
14.09.2016 02:48:24.973,47.245,47.185,0.0001,0
14.09.2016 02:48:30.383,47.25,47.19,0.0001,0
14.09.2016 02:48:31.986,47.24,47.18,0.0001,0
14.09.2016 02:48:49.214,47.245,47.185,0.0001,0
14.09.2016 02:48:50.516,47.235,47.175000000000004,0.0001,0
14.09.2016 02:48:58.437,47.245,47.185,0.0001,0
14.09.2016 02:49:11.746,47.24,47.18,0.0001,0
14.09.2016 02:49:12.255,47.245,47.185,0.0001,0
14.09.2016 02:49:30.870,47.24,47.18,0.0001,0
14.09.2016 02:49:34.875,47.245,47.185,0.0001,0
14.09.2016 02:49:37.578,47.255,47.195,0.0001,0
14.09.2016 02:50:15.958,47.26,47.2,0.0001,0
14.09.2016 02:50:16.431,47.265,47.205,0.0001,0
14.09.2016 02:50:23.499,47.275,47.215,0.0001,0
14.09.2016 02:50:35.438,47.28,47.22,0.0001,0
14.09.2016 02:50:53.883,47.285000000000004,47.225,0.0001,0
14.09.2016 02:50:54.274,47.29,47.230000000000004,0.0001,0
14.09.2016 02:51:25.539,47.285000000000004,47.225,0.0001,0
14.09.2016 02:51:34.944,47.275,47.215,0.0001,0
14.09.2016 02:51:35.947,47.28,47.22,0.0001,0
14.09.2016 02:51:36.648,47.29,47.230000000000004,0.0001,0
14.09.2016 02:51:45.467,47.285000000000004,47.225,0.0001,0
14.09.2016 02:51:51.676,47.275,47.215,0.0001,0
14.09.2016 02:51:52.978,47.28,47.22,0.0001,0
14.09.2016 02:51:53.386,47.285000000000004,47.225,0.0001,0
14.09.2016 02:51:56.984,47.28,47.22,0.0001,0
14.09.2016 02:51:59.988,47.275,47.215,0.0001,0
14.09.2016 02:52:08.899,47.27,47.21,0.0001,0
14.09.2016 02:52:17.045,47.265,47.205,0.0001,0
14.09.2016 02:52:17.509,47.25,47.19,0.0001,0
14.09.2016 02:52:21.816,47.235,47.175000000000004,0.0001,0
14.09.2016 02:52:22.297,47.245,47.185,0.0001,0
14.09.2016 02:52:28.175,47.24,47.18,0.0001,0
14.09.2016 02:52:28.726,47.225,47.165,0.0001,0
14.09.2016 02:52:29.148,47.22,47.160000000000004,0.0001,0
14.09.2016 02:52:29.478,47.215,47.155,0.0001,0
14.09.2016 02:52:31.831,47.22,47.160000000000004,0.0001,0
14.09.2016 02:52:34.636,47.225,47.165,0.0001,0
14.09.2016 02:52:35.206,47.22,47.160000000000004,0.0001,0
14.09.2016 02:52:36.839,47.215,47.155,0.0001,0
14.09.2016 02:52:42.068,47.22,47.160000000000004,0.0001,0
14.09.2016 02:52:42.645,47.215,47.155,0.0001,0
14.09.2016 02:52:45.649,47.225,47.165,0.0001,0
14.09.2016 02:52:51.255,47.235,47.175000000000004,0.0001,0
14.09.2016 02:53:05.671,47.230000000000004,47.17,0.0001,0
14.09.2016 02:53:14.880,47.235,47.175000000000004,0.0001,0
14.09.2016 02:53:15.234,47.230000000000004,47.17,0.0001,0
14.09.2016 02:53:23.564,47.225,47.165,0.0001,0
14.09.2016 02:53:35.017,47.230000000000004,47.17,0.0001,0
14.09.2016 02:53:54.036,47.22,47.160000000000004,0.0001,0
14.09.2016 02:54:18.517,47.225,47.165,0.0001,0
14.09.2016 02:54:36.198,47.230000000000004,47.17,0.0001,0
14.09.2016 02:55:03.659,47.235,47.175000000000004,0.0001,0
14.09.2016 02:55:04.651,47.230000000000004,47.17,0.0001,0
14.09.2016 02:55:05.026,47.235,47.175000000000004,0.0001,0
14.09.2016 02:55:16.553,47.24,47.18,0.0001,0
14.09.2016 02:55:22.362,47.245,47.185,0.0001,0
14.09.2016 02:55:27.212,47.25,47.19,0.0001,0
14.09.2016 02:55:27.668,47.255,47.195,0.0001,0
14.09.2016 02:55:42.187,47.26,47.2,0.0001,0
14.09.2016 02:56:28.569,47.265,47.205,0.0001,0
14.09.2016 02:56:34.063,47.26,47.2,0.0001,0
14.09.2016 02:56:57.893,47.265,47.205,0.0001,0
14.09.2016 02:56:58.494,47.26,47.2,0.0001,0
14.09.2016 02:57:01.298,47.255,47.195,0.0001,0
14.09.2016 02:57:01.651,47.25,47.19,0.0001,0
14.09.2016 02:57:10.614,47.245,47.185,0.0001,0
14.09.2016 02:57:20.949,47.255,47.195,0.0001,0
14.09.2016 02:57:23.833,47.245,47.185,0.0001,0
14.09.2016 02:57:27.938,47.25,47.19,0.0001,0
14.09.2016 02:57:33.548,47.245,47.185,0.0001,0
14.09.2016 02:57:51.676,47.25,47.19,0.0001,0
14.09.2016 02:57:56.377,47.245,47.185,0.0001,0
14.09.2016 02:58:12.779,47.25,47.19,0.0001,0
14.09.2016 02:58:26.861,47.245,47.185,0.0001,0
14.09.2016 02:58:29.376,47.25,47.19,0.0001,0
14.09.2016 02:58:40.234,47.245,47.185,0.0001,0
14.09.2016 03:00:12.239,47.235,47.175000000000004,0.0001,0
14.09.2016 03:00:22.270,47.245,47.185,0.0001,0
14.09.2016 03:01:09.556,47.25,47.19,0.0001,0
14.09.2016 03:01:16.066,47.255,47.195,0.0001,0
14.09.2016 03:01:19.384,47.25,47.19,0.0001,0
14.09.2016 03:01:20.273,47.245,47.185,0.0001,0
14.09.2016 03:01:46.409,47.25,47.19,0.0001,0
14.09.2016 03:06:53.816,47.24,47.18,0.0001,0
14.09.2016 03:07:05.430,47.245,47.185,0.0001,0
14.09.2016 03:08:22.740,47.25,47.19,0.0001,0
14.09.2016 03:09:52.706,47.27,47.21,0.0001,0
14.09.2016 03:09:59.181,47.255,47.195,0.0001,0
14.09.2016 03:10:20.717,47.26,47.2,0.0001,0
14.09.2016 03:10:42.148,47.24,47.18,0.0001,0
14.09.2016 03:10:42.545,47.255,47.195,0.0001,0
14.09.2016 03:10:44.261,47.25,47.19,0.0001,0
14.09.2016 03:10:56.656,47.255,47.195,0.0001,0
14.09.2016 03:11:48.507,47.26,47.2,0.0001,0
14.09.2016 03:13:08.393,47.245,47.185,0.0001,0
14.09.2016 03:13:34.840,47.255,47.195,0.0001,0
14.09.2016 03:13:41.957,47.25,47.19,0.0001,0
14.09.2016 03:13:54.370,47.245,47.185,0.0001,0
14.09.2016 03:14:15.219,47.25,47.19,0.0001,0
14.09.2016 03:15:07.790,47.235,47.175000000000004,0.0001,0
14.09.2016 03:15:22.751,47.225,47.165,0.0001,0
14.09.2016 03:15:25.725,47.24,47.18,0.0001,0
14.09.2016 03:15:38.036,47.235,47.175000000000004,0.0001,0
14.09.2016 03:15:42.692,47.25,47.19,0.0001,0
14.09.2016 03:16:15.293,47.245,47.185,0.0001,0
14.09.2016 03:16:19.697,47.265,47.205,0.0001,0
14.09.2016 03:16:23.205,47.255,47.195,0.0001,0
14.09.2016 03:16:23.929,47.265,47.205,0.0001,0
14.09.2016 03:16:29.511,47.28,47.22,0.0001,0
14.09.2016 03:16:30.212,47.275,47.215,0.0001,0
14.09.2016 03:16:30.632,47.28,47.22,0.0001,0
14.09.2016 03:16:31.413,47.285000000000004,47.225,0.0001,0
14.09.2016 03:16:45.276,47.275,47.215,0.0001,0
14.09.2016 03:16:46.035,47.28,47.22,0.0001,0
14.09.2016 03:16:57.338,47.275,47.215,0.0001,0
14.09.2016 03:17:03.143,47.28,47.22,0.0001,0
14.09.2016 03:17:08.596,47.29,47.230000000000004,0.0001,0
14.09.2016 03:17:19.462,47.285000000000004,47.225,0.0001,0
14.09.2016 03:17:21.766,47.29,47.230000000000004,0.0001,0
14.09.2016 03:17:39.790,47.295,47.235,0.0001,0
14.09.2016 03:17:52.413,47.29,47.230000000000004,0.0001,0
14.09.2016 03:18:48.289,47.285000000000004,47.225,0.0001,0
14.09.2016 03:19:23.830,47.29,47.230000000000004,0.0001,0
14.09.2016 03:19:40.453,47.28,47.22,0.0001,0
14.09.2016 03:20:58.984,47.29,47.230000000000004,0.0001,0
14.09.2016 03:21:23.511,47.285000000000004,47.225,0.0001,0
14.09.2016 03:21:36.171,47.29,47.230000000000004,0.0001,0
14.09.2016 03:21:57.345,47.28,47.22,0.0001,0
14.09.2016 03:23:18.040,47.275,47.215,0.0001,0
14.09.2016 03:25:36.791,47.27,47.21,0.0001,0
14.09.2016 03:25:54.959,47.275,47.215,0.0001,0
14.09.2016 03:27:15.764,47.28,47.22,0.0001,0
14.09.2016 03:27:37.294,47.275,47.215,0.0001,0
14.09.2016 03:28:33.178,47.28,47.22,0.0001,0
14.09.2016 03:28:44.727,47.275,47.215,0.0001,0
14.09.2016 03:29:01.313,47.28,47.22,0.0001,0
14.09.2016 03:30:15.720,47.285000000000004,47.225,0.0001,0
14.09.2016 03:30:16.225,47.29,47.230000000000004,0.0001,0
14.09.2016 03:30:28.025,47.295,47.235,0.0001,0
14.09.2016 03:30:37.839,47.285000000000004,47.225,0.0001,0
14.09.2016 03:30:42.546,47.29,47.230000000000004,0.0001,0
14.09.2016 03:30:58.065,47.285000000000004,47.225,0.0001,0
14.09.2016 03:33:02.627,47.28,47.22,0.0001,0
14.09.2016 03:33:55.493,47.275,47.215,0.0001,0
14.09.2016 03:34:16.161,47.28,47.22,0.0001,0
14.09.2016 03:34:34.537,47.285000000000004,47.225,0.0001,0
14.09.2016 03:35:01.171,47.29,47.230000000000004,0.0001,0
14.09.2016 03:35:30.805,47.285000000000004,47.225,0.0001,0
14.09.2016 03:35:51.627,47.29,47.230000000000004,0.0001,0
14.09.2016 03:36:34.382,47.295,47.235,0.0001,0
14.09.2016 03:36:34.837,47.305,47.245,0.0001,0
14.09.2016 03:36:47.004,47.300000000000004,47.24,0.0001,0
14.09.2016 03:37:00.035,47.295,47.235,0.0001,0
14.09.2016 03:37:17.131,47.300000000000004,47.24,0.0001,0
14.09.2016 03:37:18.345,47.305,47.245,0.0001,0
14.09.2016 03:37:25.152,47.300000000000004,47.24,0.0001,0
14.09.2016 03:37:30.858,47.295,47.235,0.0001,0
14.09.2016 03:37:43.673,47.300000000000004,47.24,0.0001,0
14.09.2016 03:38:19.308,47.295,47.235,0.0001,0
14.09.2016 03:39:28.685,47.305,47.245,0.0001,0
14.09.2016 03:40:21.144,47.300000000000004,47.24,0.0001,0
14.09.2016 03:40:32.288,47.305,47.245,0.0001,0
14.09.2016 03:40:43.562,47.300000000000004,47.24,0.0001,0
14.09.2016 03:42:08.139,47.29,47.230000000000004,0.0001,0
14.09.2016 03:43:24.240,47.295,47.235,0.0001,0
14.09.2016 03:43:37.058,47.300000000000004,47.24,0.0001,0
14.09.2016 03:43:37.459,47.295,47.235,0.0001,0
14.09.2016 03:43:52.876,47.300000000000004,47.24,0.0001,0
14.09.2016 03:44:11.420,47.31,47.25,0.0001,0
14.09.2016 03:44:11.765,47.305,47.245,0.0001,0
14.09.2016 03:44:56.649,47.300000000000004,47.24,0.0001,0
14.09.2016 03:47:02.284,47.295,47.235,0.0001,0
14.09.2016 03:47:20.206,47.300000000000004,47.24,0.0001,0
14.09.2016 03:52:39.569,47.305,47.245,0.0001,0
14.09.2016 03:52:58.684,47.300000000000004,47.24,0.0001,0
14.09.2016 03:54:35.104,47.295,47.235,0.0001,0
14.09.2016 03:54:38.109,47.29,47.230000000000004,0.0001,0
14.09.2016 03:55:01.833,47.285000000000004,47.225,0.0001,0
14.09.2016 03:56:03.194,47.28,47.22,0.0001,0
14.09.2016 03:56:13.504,47.275,47.215,0.0001,0
14.09.2016 03:56:17.111,47.285000000000004,47.225,0.0001,0
14.09.2016 03:56:17.466,47.28,47.22,0.0001,0
14.09.2016 03:56:28.722,47.275,47.215,0.0001,0
14.09.2016 03:56:40.833,47.28,47.22,0.0001,0
14.09.2016 03:57:02.357,47.275,47.215,0.0001,0
14.09.2016 03:57:25.182,47.28,47.22,0.0001,0
14.09.2016 03:58:29.444,47.285000000000004,47.225,0.0001,0
14.09.2016 04:00:03.121,47.29,47.230000000000004,0.0001,0
14.09.2016 04:00:14.451,47.295,47.235,0.0001,0
14.09.2016 04:00:23.662,47.29,47.230000000000004,0.0001,0
14.09.2016 04:00:28.767,47.295,47.235,0.0001,0
14.09.2016 04:00:39.376,47.29,47.230000000000004,0.0001,0
14.09.2016 04:00:55.192,47.295,47.235,0.0001,0
14.09.2016 04:02:47.310,47.300000000000004,47.24,0.0001,0
14.09.2016 04:02:58.392,47.305,47.245,0.0001,0
14.09.2016 04:03:11.367,47.295,47.235,0.0001,0
14.09.2016 04:03:19.559,47.300000000000004,47.24,0.0001,0
14.09.2016 04:03:22.390,47.305,47.245,0.0001,0
14.09.2016 04:03:22.851,47.31,47.25,0.0001,0
14.09.2016 04:03:23.239,47.305,47.245,0.0001,0
14.09.2016 04:03:25.361,47.300000000000004,47.24,0.0001,0
14.09.2016 04:03:36.388,47.305,47.245,0.0001,0
14.09.2016 04:03:38.891,47.31,47.25,0.0001,0
14.09.2016 04:04:07.418,47.305,47.245,0.0001,0
14.09.2016 04:04:15.724,47.31,47.25,0.0001,0
14.09.2016 04:04:43.909,47.305,47.245,0.0001,0
14.09.2016 04:04:56.189,47.315,47.255,0.0001,0
14.09.2016 04:05:11.707,47.31,47.25,0.0001,0
14.09.2016 04:05:23.423,47.305,47.245,0.0001,0
14.09.2016 04:06:29.606,47.315,47.255,0.0001,0
14.09.2016 04:06:39.716,47.31,47.25,0.0001,0
14.09.2016 04:06:54.876,47.305,47.245,0.0001,0
14.09.2016 04:07:10.849,47.31,47.25,0.0001,0
14.09.2016 04:07:23.670,47.305,47.245,0.0001,0
14.09.2016 04:08:12.215,47.300000000000004,47.24,0.0001,0
14.09.2016 04:09:03.989,47.295,47.235,0.0001,0
14.09.2016 04:09:06.392,47.300000000000004,47.24,0.0001,0
14.09.2016 04:09:19.951,47.295,47.235,0.0001,0
14.09.2016 04:09:49.065,47.300000000000004,47.24,0.0001,0
14.09.2016 04:12:29.969,47.295,47.235,0.0001,0
14.09.2016 04:12:38.919,47.300000000000004,47.24,0.0001,0
14.09.2016 04:12:39.339,47.305,47.245,0.0001,0
14.09.2016 04:12:43.007,47.295,47.235,0.0001,0
14.09.2016 04:12:59.036,47.300000000000004,47.24,0.0001,0
14.09.2016 04:13:25.062,47.295,47.235,0.0001,0
14.09.2016 04:13:25.434,47.300000000000004,47.24,0.0001,0
14.09.2016 04:13:35.379,47.295,47.235,0.0001,0
14.09.2016 04:14:05.335,47.300000000000004,47.24,0.0001,0
14.09.2016 04:14:40.189,47.295,47.235,0.0001,0
14.09.2016 04:14:57.562,47.300000000000004,47.24,0.0001,0
14.09.2016 04:15:27.098,47.305,47.245,0.0001,0
14.09.2016 04:15:28.200,47.300000000000004,47.24,0.0001,0
14.09.2016 04:15:41.615,47.295,47.235,0.0001,0
14.09.2016 04:16:23.560,47.300000000000004,47.24,0.0001,0
14.09.2016 04:16:48.895,47.295,47.235,0.0001,0
14.09.2016 04:17:10.662,47.300000000000004,47.24,0.0001,0
14.09.2016 04:17:16.686,47.295,47.235,0.0001,0
14.09.2016 04:17:34.838,47.300000000000004,47.24,0.0001,0
14.09.2016 04:17:35.638,47.305,47.245,0.0001,0
14.09.2016 04:19:43.470,47.295,47.235,0.0001,0
14.09.2016 04:19:53.282,47.300000000000004,47.24,0.0001,0
14.09.2016 04:19:53.831,47.29,47.230000000000004,0.0001,0
14.09.2016 04:20:03.492,47.295,47.235,0.0001,0
14.09.2016 04:20:04.897,47.300000000000004,47.24,0.0001,0
14.09.2016 04:20:07.817,47.295,47.235,0.0001,0
14.09.2016 04:20:42.248,47.300000000000004,47.24,0.0001,0
14.09.2016 04:20:43.549,47.295,47.235,0.0001,0
14.09.2016 04:20:48.787,47.300000000000004,47.24,0.0001,0
14.09.2016 04:20:49.254,47.295,47.235,0.0001,0
14.09.2016 04:20:59.765,47.300000000000004,47.24,0.0001,0
14.09.2016 04:21:06.673,47.295,47.235,0.0001,0
14.09.2016 04:21:24.594,47.300000000000004,47.24,0.0001,0
14.09.2016 04:21:38.705,47.295,47.235,0.0001,0
14.09.2016 04:21:46.812,47.300000000000004,47.24,0.0001,0
14.09.2016 04:21:51.216,47.295,47.235,0.0001,0
14.09.2016 04:21:57.021,47.300000000000004,47.24,0.0001,0
14.09.2016 04:22:00.433,47.295,47.235,0.0001,0
14.09.2016 04:22:22.244,47.300000000000004,47.24,0.0001,0
14.09.2016 04:24:29.567,47.295,47.235,0.0001,0
14.09.2016 04:24:35.005,47.300000000000004,47.24,0.0001,0
14.09.2016 04:24:35.475,47.295,47.235,0.0001,0
14.09.2016 04:25:05.823,47.300000000000004,47.24,0.0001,0
14.09.2016 04:25:07.926,47.295,47.235,0.0001,0
14.09.2016 04:25:29.850,47.300000000000004,47.24,0.0001,0
14.09.2016 04:28:20.646,47.295,47.235,0.0001,0
14.09.2016 04:28:41.076,47.300000000000004,47.24,0.0001,0
14.09.2016 04:30:06.281,47.300000000000004,47.24,0.0001,0
14.09.2016 04:30:08.808,47.295,47.235,0.0001,0
14.09.2016 04:30:30.216,47.300000000000004,47.24,0.0001,0
14.09.2016 04:30:42.932,47.305,47.245,0.0001,0
14.09.2016 04:30:53.444,47.31,47.25,0.0001,0
14.09.2016 04:31:26.990,47.305,47.245,0.0001,0
14.09.2016 04:31:28.991,47.31,47.25,0.0001,0
14.09.2016 04:31:42.678,47.300000000000004,47.24,0.0001,0
14.09.2016 04:32:16.035,47.31,47.25,0.0001,0
14.09.2016 04:36:06.094,47.315,47.255,0.0001,0
14.09.2016 04:36:46.096,47.32,47.26,0.0001,0
14.09.2016 04:37:04.913,47.315,47.255,0.0001,0
14.09.2016 04:37:15.254,47.32,47.26,0.0001,0
14.09.2016 04:38:08.275,47.315,47.255,0.0001,0
14.09.2016 04:38:16.686,47.32,47.26,0.0001,0
14.09.2016 04:38:17.185,47.315,47.255,0.0001,0
14.09.2016 04:38:20.388,47.325,47.265,0.0001,0
14.09.2016 04:38:30.999,47.32,47.26,0.0001,0
14.09.2016 04:39:27.291,47.315,47.255,0.0001,0
14.09.2016 04:39:37.861,47.32,47.26,0.0001,0
14.09.2016 04:40:50.442,47.325,47.265,0.0001,0
14.09.2016 04:41:50.810,47.32,47.26,0.0001,0
14.09.2016 04:42:02.720,47.325,47.265,0.0001,0
14.09.2016 04:44:15.255,47.32,47.26,0.0001,0
14.09.2016 04:45:10.821,47.315,47.255,0.0001,0
14.09.2016 04:45:31.789,47.31,47.25,0.0001,0
14.09.2016 04:45:32.344,47.32,47.26,0.0001,0
14.09.2016 04:46:07.381,47.315,47.255,0.0001,0
14.09.2016 04:46:18.531,47.32,47.26,0.0001,0
14.09.2016 04:46:25.898,47.315,47.255,0.0001,0
14.09.2016 04:46:55.427,47.31,47.25,0.0001,0
14.09.2016 04:50:09.258,47.315,47.255,0.0001,0
14.09.2016 04:50:22.946,47.32,47.26,0.0001,0
14.09.2016 04:50:23.447,47.325,47.265,0.0001,0
14.09.2016 04:50:37.168,47.33,47.27,0.0001,0
14.09.2016 04:50:38.999,47.325,47.265,0.0001,0
14.09.2016 04:50:52.174,47.32,47.26,0.0001,0
14.09.2016 04:52:45.584,47.31,47.25,0.0001,0
14.09.2016 04:53:59.973,47.32,47.26,0.0001,0
14.09.2016 04:54:19.681,47.31,47.25,0.0001,0
14.09.2016 04:54:26.616,47.315,47.255,0.0001,0
14.09.2016 04:55:25.146,47.31,47.25,0.0001,0
14.09.2016 04:56:00.876,47.305,47.245,0.0001,0
14.09.2016 04:56:01.507,47.300000000000004,47.24,0.0001,0
14.09.2016 04:56:20.293,47.29,47.230000000000004,0.0001,0
14.09.2016 04:56:29.906,47.285000000000004,47.225,0.0001,0
14.09.2016 04:56:40.215,47.275,47.215,0.0001,0
14.09.2016 04:57:03.435,47.28,47.22,0.0001,0
14.09.2016 04:57:06.438,47.275,47.215,0.0001,0
14.09.2016 04:57:07.739,47.28,47.22,0.0001,0
14.09.2016 04:57:35.168,47.285000000000004,47.225,0.0001,0
14.09.2016 05:05:43.182,47.275,47.215,0.0001,0
14.09.2016 05:09:49.867,47.28,47.22,0.0001,0
14.09.2016 05:10:25.638,47.285000000000004,47.225,0.0001,0
14.09.2016 05:13:15.269,47.275,47.215,0.0001,0
14.09.2016 05:16:49.783,47.285000000000004,47.205,0.0001,0
14.09.2016 05:16:58.390,47.295,47.195,0.0001,0
14.09.2016 05:17:22.839,47.275,47.215,0.0001,0
14.09.2016 05:22:21.082,47.285000000000004,47.225,0.0001,0
14.09.2016 05:24:36.830,47.28,47.22,0.0001,0
14.09.2016 05:25:05.253,47.285000000000004,47.225,0.0001,0
14.09.2016 05:26:49.342,47.275,47.215,0.0001,0
14.09.2016 05:27:59.408,47.285000000000004,47.225,0.0001,0
14.09.2016 05:28:14.321,47.28,47.22,0.0001,0
14.09.2016 05:28:29.536,47.275,47.215,0.0001,0
14.09.2016 05:28:29.917,47.27,47.21,0.0001,0
14.09.2016 05:29:18.178,47.275,47.215,0.0001,0
14.09.2016 05:29:21.281,47.28,47.22,0.0001,0
14.09.2016 05:29:22.883,47.275,47.215,0.0001,0
14.09.2016 05:29:25.184,47.28,47.22,0.0001,0
14.09.2016 05:29:25.689,47.275,47.215,0.0001,0
14.09.2016 05:29:38.902,47.285000000000004,47.225,0.0001,0
14.09.2016 05:29:40.204,47.28,47.22,0.0001,0
14.09.2016 05:29:50.715,47.285000000000004,47.225,0.0001,0
14.09.2016 05:29:53.665,47.28,47.22,0.0001,0
14.09.2016 05:30:07.230,47.285000000000004,47.225,0.0001,0
14.09.2016 05:30:17.567,47.28,47.22,0.0001,0
14.09.2016 05:30:27.752,47.285000000000004,47.225,0.0001,0
14.09.2016 05:30:28.753,47.28,47.22,0.0001,0
14.09.2016 05:30:39.764,47.275,47.215,0.0001,0
14.09.2016 05:30:45.011,47.285000000000004,47.225,0.0001,0
14.09.2016 05:31:05.086,47.28,47.22,0.0001,0
14.09.2016 05:31:05.548,47.275,47.215,0.0001,0
14.09.2016 05:33:59.346,47.265,47.205,0.0001,0
14.09.2016 05:34:10.557,47.27,47.21,0.0001,0
14.09.2016 05:34:31.831,47.275,47.215,0.0001,0
14.09.2016 05:34:40.194,47.27,47.21,0.0001,0
14.09.2016 05:34:41.629,47.275,47.215,0.0001,0
14.09.2016 05:34:45.802,47.28,47.22,0.0001,0
14.09.2016 05:34:54.616,47.275,47.215,0.0001,0
14.09.2016 05:34:54.968,47.27,47.21,0.0001,0
14.09.2016 05:35:14.380,47.275,47.215,0.0001,0
14.09.2016 05:36:04.201,47.27,47.21,0.0001,0
14.09.2016 05:36:14.416,47.275,47.215,0.0001,0
14.09.2016 05:36:19.550,47.27,47.21,0.0001,0
14.09.2016 05:36:29.743,47.275,47.215,0.0001,0
14.09.2016 05:36:56.166,47.27,47.21,0.0001,0
14.09.2016 05:39:02.993,47.265,47.205,0.0001,0
14.09.2016 05:39:13.402,47.27,47.21,0.0001,0
14.09.2016 05:39:16.305,47.28,47.22,0.0001,0
14.09.2016 05:39:44.761,47.275,47.215,0.0001,0
14.09.2016 05:39:45.368,47.28,47.22,0.0001,0
14.09.2016 05:39:50.534,47.275,47.215,0.0001,0
14.09.2016 05:39:53.345,47.28,47.22,0.0001,0
14.09.2016 05:40:07.155,47.275,47.215,0.0001,0
14.09.2016 05:40:43.386,47.285000000000004,47.225,0.0001,0
14.09.2016 05:41:47.141,47.28,47.22,0.0001,0
14.09.2016 05:41:47.755,47.27,47.21,0.0001,0
14.09.2016 05:41:50.971,47.275,47.215,0.0001,0
14.09.2016 05:42:04.163,47.27,47.21,0.0001,0
14.09.2016 05:42:13.267,47.275,47.215,0.0001,0
14.09.2016 05:42:24.779,47.28,47.22,0.0001,0
14.09.2016 05:42:27.917,47.275,47.215,0.0001,0
14.09.2016 05:42:35.788,47.28,47.22,0.0001,0
14.09.2016 05:42:49.100,47.275,47.215,0.0001,0
14.09.2016 05:42:49.500,47.27,47.21,0.0001,0
14.09.2016 05:43:06.920,47.275,47.215,0.0001,0
14.09.2016 05:43:29.298,47.27,47.21,0.0001,0
14.09.2016 05:44:05.074,47.265,47.205,0.0001,0
14.09.2016 05:44:15.888,47.27,47.21,0.0001,0
14.09.2016 05:45:04.375,47.265,47.205,0.0001,0
14.09.2016 05:45:04.701,47.255,47.195,0.0001,0
14.09.2016 05:45:18.476,47.245,47.185,0.0001,0
14.09.2016 05:45:18.946,47.25,47.19,0.0001,0
14.09.2016 05:45:22.285,47.255,47.195,0.0001,0
14.09.2016 05:45:37.363,47.245,47.185,0.0001,0
14.09.2016 05:45:37.945,47.255,47.195,0.0001,0
14.09.2016 05:45:41.166,47.25,47.19,0.0001,0
14.09.2016 05:45:48.401,47.245,47.185,0.0001,0
14.09.2016 05:45:52.221,47.25,47.19,0.0001,0
14.09.2016 05:46:08.190,47.245,47.185,0.0001,0
14.09.2016 05:46:25.204,47.25,47.19,0.0001,0
14.09.2016 05:46:40.828,47.245,47.185,0.0001,0
14.09.2016 05:47:11.294,47.25,47.19,0.0001,0
14.09.2016 05:47:30.701,47.245,47.185,0.0001,0
14.09.2016 05:48:52.197,47.255,47.195,0.0001,0
14.09.2016 05:48:56.200,47.25,47.19,0.0001,0
14.09.2016 05:49:08.310,47.245,47.185,0.0001,0
14.09.2016 05:51:26.539,47.26,47.2,0.0001,0
14.09.2016 05:51:26.878,47.25,47.19,0.0001,0
14.09.2016 05:51:34.143,47.255,47.195,0.0001,0
14.09.2016 05:51:42.551,47.245,47.185,0.0001,0
14.09.2016 05:51:46.158,47.25,47.19,0.0001,0
14.09.2016 05:52:04.270,47.245,47.185,0.0001,0
14.09.2016 05:52:08.173,47.25,47.19,0.0001,0
14.09.2016 05:52:26.294,47.245,47.185,0.0001,0
14.09.2016 05:52:40.217,47.25,47.19,0.0001,0
14.09.2016 05:52:52.728,47.245,47.185,0.0001,0
14.09.2016 05:52:56.233,47.25,47.19,0.0001,0
14.09.2016 05:53:07.643,47.245,47.185,0.0001,0
14.09.2016 05:53:11.181,47.25,47.19,0.0001,0
14.09.2016 05:53:15.852,47.245,47.185,0.0001,0
14.09.2016 05:53:19.155,47.25,47.19,0.0001,0
14.09.2016 05:53:33.066,47.245,47.185,0.0001,0
14.09.2016 05:53:36.169,47.25,47.19,0.0001,0
14.09.2016 05:53:44.577,47.245,47.185,0.0001,0
14.09.2016 05:53:45.077,47.25,47.19,0.0001,0
14.09.2016 05:53:55.085,47.245,47.185,0.0001,0
14.09.2016 05:54:07.798,47.255,47.175000000000004,0.0001,0
14.09.2016 05:54:37.145,47.265,47.165,0.0001,0
14.09.2016 05:54:48.633,47.245,47.185,0.0001,0
14.09.2016 05:57:09.061,47.25,47.19,0.0001,0
14.09.2016 05:57:13.465,47.245,47.185,0.0001,0
14.09.2016 05:57:17.168,47.25,47.19,0.0001,0
14.09.2016 05:57:29.685,47.245,47.185,0.0001,0
14.09.2016 05:58:59.668,47.25,47.19,0.0001,0
14.09.2016 05:59:27.611,47.245,47.185,0.0001,0
14.09.2016 05:59:41.225,47.25,47.19,0.0001,0
14.09.2016 06:00:00.141,47.255,47.195,0.0001,0
14.09.2016 06:00:00.483,47.245,47.185,0.0001,0
14.09.2016 06:00:02.363,47.25,47.19,0.0001,0
14.09.2016 06:00:02.740,47.255,47.195,0.0001,0
14.09.2016 06:00:06.453,47.25,47.19,0.0001,0
14.09.2016 06:00:33.483,47.255,47.195,0.0001,0
14.09.2016 06:00:43.522,47.25,47.19,0.0001,0
14.09.2016 06:00:55.332,47.255,47.195,0.0001,0
14.09.2016 06:01:24.740,47.26,47.2,0.0001,0
14.09.2016 06:02:10.733,47.255,47.195,0.0001,0
14.09.2016 06:05:07.806,47.265,47.205,0.0001,0
14.09.2016 06:06:58.009,47.245,47.185,0.0001,0
14.09.2016 06:07:42.954,47.25,47.19,0.0001,0
14.09.2016 06:07:58.174,47.255,47.195,0.0001,0
14.09.2016 06:08:50.266,47.26,47.2,0.0001,0
14.09.2016 06:10:35.104,47.265,47.205,0.0001,0
14.09.2016 06:10:50.156,47.27,47.21,0.0001,0
14.09.2016 06:12:58.543,47.265,47.205,0.0001,0
14.09.2016 06:14:12.679,47.27,47.21,0.0001,0
14.09.2016 06:14:35.000,47.265,47.205,0.0001,0
14.09.2016 06:16:06.718,47.27,47.21,0.0001,0
14.09.2016 06:16:17.017,47.275,47.215,0.0001,0
14.09.2016 06:16:31.230,47.28,47.22,0.0001,0
14.09.2016 06:17:02.795,47.29,47.230000000000004,0.0001,0
14.09.2016 06:17:13.784,47.295,47.235,0.0001,0
14.09.2016 06:17:14.150,47.300000000000004,47.24,0.0001,0
14.09.2016 06:17:15.274,47.295,47.235,0.0001,0
14.09.2016 06:17:15.576,47.300000000000004,47.24,0.0001,0
14.09.2016 06:17:16.175,47.295,47.235,0.0001,0
14.09.2016 06:17:29.152,47.300000000000004,47.24,0.0001,0
14.09.2016 06:17:31.599,47.295,47.235,0.0001,0
14.09.2016 06:17:47.644,47.300000000000004,47.24,0.0001,0
14.09.2016 06:17:49.855,47.295,47.235,0.0001,0
14.09.2016 06:18:36.796,47.300000000000004,47.24,0.0001,0
14.09.2016 06:18:39.399,47.305,47.245,0.0001,0
14.09.2016 06:18:39.731,47.31,47.25,0.0001,0
14.09.2016 06:19:16.653,47.305,47.245,0.0001,0
14.09.2016 06:19:26.968,47.300000000000004,47.24,0.0001,0
14.09.2016 06:19:55.594,47.305,47.245,0.0001,0
14.09.2016 06:20:38.937,47.295,47.235,0.0001,0
14.09.2016 06:20:51.449,47.29,47.230000000000004,0.0001,0
14.09.2016 06:21:11.787,47.285000000000004,47.225,0.0001,0
14.09.2016 06:21:22.498,47.29,47.230000000000004,0.0001,0
14.09.2016 06:21:25.102,47.285000000000004,47.225,0.0001,0
14.09.2016 06:21:34.311,47.29,47.230000000000004,0.0001,0
14.09.2016 06:21:36.813,47.295,47.235,0.0001,0
14.09.2016 06:21:44.519,47.300000000000004,47.24,0.0001,0
14.09.2016 06:23:01.483,47.295,47.235,0.0001,0
14.09.2016 06:23:30.207,47.29,47.230000000000004,0.0001,0
14.09.2016 06:26:28.068,47.285000000000004,47.225,0.0001,0
14.09.2016 06:31:37.160,47.305,47.205,0.0001,0
14.09.2016 06:31:57.635,47.285000000000004,47.225,0.0001,0
14.09.2016 06:33:51.449,47.275,47.215,0.0001,0
14.09.2016 06:35:41.223,47.265,47.205,0.0001,0
14.09.2016 06:36:49.302,47.255,47.195,0.0001,0
14.09.2016 06:37:06.919,47.265,47.205,0.0001,0
14.09.2016 06:37:10.131,47.27,47.21,0.0001,0
14.09.2016 06:37:13.675,47.265,47.205,0.0001,0
14.09.2016 06:37:28.442,47.27,47.21,0.0001,0
14.09.2016 06:38:04.778,47.275,47.215,0.0001,0
14.09.2016 06:39:12.755,47.27,47.21,0.0001,0
14.09.2016 06:39:23.069,47.275,47.215,0.0001,0
14.09.2016 06:39:29.475,47.28,47.22,0.0001,0
14.09.2016 06:39:44.185,47.285000000000004,47.225,0.0001,0
14.09.2016 06:40:46.361,47.275,47.215,0.0001,0
14.09.2016 06:41:43.755,47.28,47.22,0.0001,0
14.09.2016 06:41:58.074,47.275,47.215,0.0001,0
14.09.2016 06:42:04.257,47.28,47.22,0.0001,0
14.09.2016 06:42:10.087,47.275,47.215,0.0001,0
14.09.2016 06:42:24.221,47.28,47.22,0.0001,0
14.09.2016 06:43:38.688,47.285000000000004,47.225,0.0001,0
14.09.2016 06:43:59.508,47.29,47.230000000000004,0.0001,0
14.09.2016 06:44:08.934,47.285000000000004,47.225,0.0001,0
14.09.2016 06:44:24.562,47.29,47.230000000000004,0.0001,0
14.09.2016 06:44:37.433,47.285000000000004,47.225,0.0001,0
14.09.2016 06:44:37.926,47.29,47.230000000000004,0.0001,0
14.09.2016 06:44:48.167,47.285000000000004,47.225,0.0001,0
14.09.2016 06:45:03.282,47.28,47.22,0.0001,0
14.09.2016 06:45:23.651,47.285000000000004,47.225,0.0001,0
14.09.2016 06:45:51.629,47.28,47.22,0.0001,0
14.09.2016 06:46:29.266,47.275,47.215,0.0001,0
14.09.2016 06:47:06.707,47.28,47.22,0.0001,0
14.09.2016 06:47:27.829,47.275,47.215,0.0001,0
14.09.2016 06:47:56.982,47.285000000000004,47.225,0.0001,0
14.09.2016 06:52:51.526,47.295,47.235,0.0001,0
14.09.2016 06:52:52.212,47.29,47.230000000000004,0.0001,0
14.09.2016 06:53:32.883,47.295,47.235,0.0001,0
14.09.2016 06:53:33.494,47.300000000000004,47.24,0.0001,0
14.09.2016 06:53:41.885,47.295,47.235,0.0001,0
14.09.2016 06:54:20.197,47.300000000000004,47.24,0.0001,0
14.09.2016 06:55:53.403,47.305,47.245,0.0001,0
14.09.2016 06:56:18.501,47.295,47.235,0.0001,0
14.09.2016 06:56:24.797,47.300000000000004,47.24,0.0001,0
14.09.2016 06:56:34.844,47.295,47.235,0.0001,0
14.09.2016 06:57:25.832,47.305,47.245,0.0001,0
14.09.2016 06:57:53.764,47.31,47.25,0.0001,0
14.09.2016 06:58:05.129,47.305,47.245,0.0001,0
14.09.2016 06:58:19.489,47.300000000000004,47.24,0.0001,0
14.09.2016 06:58:22.392,47.295,47.235,0.0001,0
14.09.2016 06:58:41.815,47.300000000000004,47.24,0.0001,0
14.09.2016 06:58:50.925,47.295,47.235,0.0001,0
14.09.2016 06:59:05.653,47.29,47.230000000000004,0.0001,0
14.09.2016 06:59:07.278,47.295,47.235,0.0001,0
14.09.2016 06:59:37.389,47.29,47.230000000000004,0.0001,0
14.09.2016 06:59:37.953,47.28,47.22,0.0001,0
14.09.2016 06:59:49.003,47.285000000000004,47.225,0.0001,0
14.09.2016 07:00:03.221,47.28,47.22,0.0001,0
14.09.2016 07:00:04.123,47.285000000000004,47.225,0.0001,0
14.09.2016 07:00:04.825,47.29,47.230000000000004,0.0001,0
14.09.2016 07:00:05.376,47.28,47.22,0.0001,0
14.09.2016 07:00:05.929,47.285000000000004,47.225,0.0001,0
14.09.2016 07:00:06.934,47.28,47.22,0.0001,0
14.09.2016 07:00:08.295,47.28,47.22,0.0001,0
14.09.2016 07:00:13.054,47.275,47.215,0.0001,0.0001
14.09.2016 07:00:13.135,47.275,47.225,0.0001,0
14.09.2016 07:00:14.959,47.285000000000004,47.225,0.0001,0.0001
14.09.2016 07:00:23.276,47.27,47.225,0.0001,0
14.09.2016 07:00:23.393,47.28,47.225,0.0001,0
14.09.2016 07:00:25.284,47.29,47.230000000000004,0.0001,0
14.09.2016 07:00:34.416,47.285000000000004,47.225,0.0001,0.0001
14.09.2016 07:00:34.503,47.29,47.230000000000004,0.0001,0
14.09.2016 07:00:35.915,47.29,47.230000000000004,0.0001,0.0001
14.09.2016 07:00:37.565,47.29,47.235,0.0001,0
14.09.2016 07:00:41.715,47.295,47.235,0.0001,0.0001
14.09.2016 07:00:41.964,47.295,47.245,0.0001,0
14.09.2016 07:00:44.623,47.305,47.245,0.0001,0.0001
14.09.2016 07:00:44.724,47.31,47.25,0.0001,0
14.09.2016 07:00:50.435,47.305,47.245,0.0001,0.0001
14.09.2016 07:00:50.673,47.31,47.25,0.0001,0.0001
14.09.2016 07:00:51.645,47.31,47.255,0.0001,0
14.09.2016 07:00:53.943,47.315,47.255,0.0001,0.0001
14.09.2016 07:00:54.043,47.32,47.26,0.0001,0
14.09.2016 07:01:06.574,47.300000000000004,47.255,0.0001,0
14.09.2016 07:01:07.775,47.295,47.255,0.0001,0
14.09.2016 07:01:08.156,47.29,47.255,0.0001,0
14.09.2016 07:01:08.632,47.29,47.235,0.0001,0
14.09.2016 07:01:10.283,47.300000000000004,47.24,0.0001,0
14.09.2016 07:01:11.734,47.295,47.235,0.0001,0.0001
14.09.2016 07:01:12.104,47.295,47.245,0.0001,0
14.09.2016 07:01:30.804,47.305,47.245,0.0001,0.0001
14.09.2016 07:01:35.436,47.295,47.245,0.0001,0
14.09.2016 07:01:37.544,47.295,47.24,0.0001,0
14.09.2016 07:01:47.101,47.300000000000004,47.24,0.0001,0.0001
14.09.2016 07:02:02.403,47.300000000000004,47.24,0.0001,0
14.09.2016 07:02:02.911,47.29,47.235,0.0001,0
14.09.2016 07:02:03.503,47.29,47.230000000000004,0.0001,0
14.09.2016 07:02:04.078,47.300000000000004,47.24,0.0001,0
14.09.2016 07:02:05.981,47.295,47.235,0.0001,0.0001
14.09.2016 07:02:08.123,47.295,47.24,0.0001,0
14.09.2016 07:02:16.095,47.300000000000004,47.24,0.0001,0.0001
14.09.2016 07:02:17.583,47.300000000000004,47.24,0.0001,0
14.09.2016 07:02:27.831,47.295,47.235,0.0001,0.0001
14.09.2016 07:02:28.363,47.295,47.24,0.0001,0
14.09.2016 07:02:38.626,47.300000000000004,47.24,0.0001,0.0001
14.09.2016 07:02:41.583,47.300000000000004,47.245,0.0001,0
14.09.2016 07:02:42.573,47.300000000000004,47.24,0.0001,0.0001
14.09.2016 07:02:43.434,47.305,47.245,0.0001,0
14.09.2016 07:02:43.985,47.31,47.25,0.0001,0
14.09.2016 07:02:45.873,47.31,47.255,0.0001,0
14.09.2016 07:02:57.853,47.315,47.255,0.0001,0.0001
14.09.2016 07:03:04.467,47.31,47.255,0.0001,0
14.09.2016 07:03:08.362,47.31,47.25,0.0001,0
14.09.2016 07:03:12.557,47.305,47.245,0.0001,0.0001
14.09.2016 07:03:12.712,47.305,47.25,0.0001,0
14.09.2016 07:03:28.619,47.31,47.25,0.0001,0.0001
14.09.2016 07:03:28.683,47.31,47.255,0.0001,0
14.09.2016 07:03:28.734,47.315,47.255,0.0001,0.0001
14.09.2016 07:03:28.820,47.32,47.26,0.0001,0
14.09.2016 07:03:31.123,47.315,47.255,0.0001,0.0001
14.09.2016 07:03:31.223,47.32,47.26,0.0001,0
14.09.2016 07:03:36.169,47.315,47.255,0.0001,0.0001
14.09.2016 07:03:40.779,47.32,47.26,0.0001,0
14.09.2016 07:03:41.222,47.32,47.26,0.0001,0.0001
14.09.2016 07:03:42.016,47.32,47.265,0.0001,0
14.09.2016 07:03:42.883,47.33,47.27,0.0001,0
14.09.2016 07:03:46.392,47.33,47.275,0.0001,0
14.09.2016 07:03:47.434,47.34,47.28,0.0001,0
14.09.2016 07:03:47.990,47.345,47.285000000000004,0.0001,0
14.09.2016 07:03:48.702,47.345,47.29,0.0001,0
14.09.2016 07:03:49.802,47.345,47.285000000000004,0.0001,0.0001
14.09.2016 07:03:56.001,47.35,47.29,0.0001,0
14.09.2016 07:03:57.504,47.355000000000004,47.295,0.0001,0
14.09.2016 07:04:00.717,47.35,47.29,0.0001,0.0001
14.09.2016 07:04:01.792,47.35,47.29,0.0001,0
14.09.2016 07:04:03.440,47.345,47.285000000000004,0.0001,0.0001
14.09.2016 07:04:10.720,47.335,47.285000000000004,0.0001,0
14.09.2016 07:04:11.020,47.33,47.285000000000004,0.0001,0
14.09.2016 07:04:11.142,47.33,47.275,0.0001,0
14.09.2016 07:04:19.032,47.335,47.275,0.0001,0.0001
14.09.2016 07:04:19.131,47.33,47.275,0.0001,0
14.09.2016 07:04:19.284,47.33,47.27,0.0001,0.0001
14.09.2016 07:04:20.272,47.33,47.275,0.0001,0
14.09.2016 07:04:32.450,47.335,47.275,0.0001,0.0001
14.09.2016 07:04:32.730,47.335,47.285000000000004,0.0001,0
14.09.2016 07:04:34.153,47.345,47.285000000000004,0.0001,0.0001
14.09.2016 07:04:36.111,47.345,47.285000000000004,0.0001,0
14.09.2016 07:04:36.556,47.335,47.28,0.0001,0
14.09.2016 07:04:37.263,47.34,47.28,0.0001,0.0001
14.09.2016 07:04:45.568,47.345,47.285000000000004,0.0001,0
14.09.2016 07:04:48.212,47.345,47.29,0.0001,0
14.09.2016 07:04:53.179,47.35,47.29,0.0001,0.0001
14.09.2016 07:04:53.491,47.35,47.29,0.0001,0
14.09.2016 07:04:56.571,47.35,47.29,0.0001,0.0001
14.09.2016 07:04:57.461,47.355000000000004,47.295,0.0001,0
14.09.2016 07:04:57.884,47.37,47.31,0.0001,0
14.09.2016 07:04:58.986,47.365,47.305,0.0001,0.0001
14.09.2016 07:04:59.187,47.375,47.315,0.0001,0
14.09.2016 07:05:00.103,47.375,47.315,0.0001,0.0001
14.09.2016 07:05:01.081,47.375,47.32,0.0001,0
14.09.2016 07:05:03.598,47.38,47.32,0.0001,0.0001
14.09.2016 07:05:04.199,47.375,47.32,0.0001,0
14.09.2016 07:05:06.583,47.375,47.315,0.0001,0.0001
14.09.2016 07:05:10.109,47.38,47.32,0.0001,0
14.09.2016 07:05:12.613,47.375,47.315,0.0001,0.0001
14.09.2016 07:05:12.714,47.38,47.32,0.0001,0
14.09.2016 07:05:23.233,47.375,47.315,0.0001,0.0001
14.09.2016 07:05:23.467,47.355000000000004,47.315,0.0001,0
14.09.2016 07:05:23.669,47.355000000000004,47.295,0.0001,0.0001
14.09.2016 07:05:23.933,47.34,47.295,0.0001,0
14.09.2016 07:05:24.408,47.335,47.295,0.0001,0
14.09.2016 07:05:26.175,47.335,47.275,0.0001,0.0001
14.09.2016 07:05:32.125,47.335,47.275,0.0001,0
14.09.2016 07:05:33.348,47.325,47.265,0.0001,0.0001
14.09.2016 07:05:35.177,47.335,47.275,0.0001,0
14.09.2016 07:05:37.833,47.335,47.275,0.0001,0.0001
14.09.2016 07:05:39.828,47.335,47.28,0.0001,0
14.09.2016 07:05:50.705,47.34,47.28,0.0001,0.0001
14.09.2016 07:05:59.613,47.34,47.28,0.0001,0
14.09.2016 07:06:09.913,47.33,47.27,0.0001,0.0001
14.09.2016 07:06:10.072,47.33,47.275,0.0001,0
14.09.2016 07:06:11.209,47.335,47.275,0.0001,0.0001
14.09.2016 07:06:11.824,47.33,47.275,0.0001,0
14.09.2016 07:06:13.213,47.335,47.275,0.0001,0.0001
14.09.2016 07:06:13.264,47.335,47.275,0.0001,0
14.09.2016 07:06:13.612,47.33,47.27,0.0001,0.0001
14.09.2016 07:06:15.515,47.34,47.28,0.0001,0
14.09.2016 07:06:17.675,47.34,47.285000000000004,0.0001,0
14.09.2016 07:06:28.431,47.345,47.285000000000004,0.0001,0.0001
14.09.2016 07:07:01.905,47.335,47.285000000000004,0.0001,0
14.09.2016 07:07:01.991,47.335,47.275,0.0001,0.0001
14.09.2016 07:07:35.117,47.345,47.285000000000004,0.0001,0
14.09.2016 07:07:37.640,47.345,47.285000000000004,0.0001,0.0001
14.09.2016 07:07:39.739,47.345,47.285000000000004,0.0001,0
14.09.2016 07:07:50.237,47.335,47.275,0.0001,0.0001
14.09.2016 07:07:58.565,47.335,47.285000000000004,0.0001,0
14.09.2016 07:08:08.360,47.345,47.285000000000004,0.0001,0.0001
14.09.2016 07:08:09.453,47.345,47.285000000000004,0.0001,0
14.09.2016 07:08:25.187,47.335,47.275,0.0001,0.0001
14.09.2016 07:08:55.823,47.325,47.275,0.0001,0
14.09.2016 07:08:56.926,47.335,47.275,0.0001,0
14.09.2016 07:08:57.949,47.335,47.265,0.0001,0
14.09.2016 07:09:12.095,47.325,47.265,0.0001,0.0001
14.09.2016 07:09:19.409,47.325,47.275,0.0001,0
14.09.2016 07:09:30.097,47.335,47.275,0.0001,0.0001
14.09.2016 07:09:31.179,47.335,47.275,0.0001,0
14.09.2016 07:09:33.670,47.325,47.265,0.0001,0.0001
14.09.2016 07:09:33.819,47.325,47.265,0.0001,0
14.09.2016 07:09:41.758,47.325,47.265,0.0001,0.0001
14.09.2016 07:09:42.749,47.325,47.275,0.0001,0
14.09.2016 07:09:43.740,47.335,47.275,0.0001,0.0001
14.09.2016 07:09:45.929,47.335,47.275,0.0001,0
14.09.2016 07:09:54.029,47.32,47.265,0.0001,0
14.09.2016 07:09:56.929,47.32,47.26,0.0001,0
14.09.2016 07:10:09.859,47.315,47.255,0.0001,0.0001
14.09.2016 07:10:27.542,47.315,47.255,0.0001,0
14.09.2016 07:10:27.888,47.31,47.25,0.0001,0.0001
14.09.2016 07:10:28.005,47.315,47.255,0.0001,0
14.09.2016 07:10:28.116,47.31,47.25,0.0001,0.0001
14.09.2016 07:10:28.392,47.31,47.255,0.0001,0
14.09.2016 07:10:37.736,47.31,47.25,0.0001,0
14.09.2016 07:10:50.118,47.305,47.245,0.0001,0.0001
14.09.2016 07:10:51.266,47.305,47.255,0.0001,0
14.09.2016 07:11:01.636,47.315,47.255,0.0001,0.0001
14.09.2016 07:11:01.825,47.315,47.255,0.0001,0
14.09.2016 07:11:10.445,47.31,47.25,0.0001,0.0001
14.09.2016 07:11:10.626,47.31,47.255,0.0001,0
14.09.2016 07:11:15.750,47.315,47.255,0.0001,0.0001
14.09.2016 07:11:15.881,47.31,47.255,0.0001,0
14.09.2016 07:11:18.325,47.31,47.25,0.0001,0
14.09.2016 07:11:25.861,47.305,47.245,0.0001,0.0001
14.09.2016 07:11:25.966,47.31,47.25,0.0001,0
14.09.2016 07:11:36.116,47.305,47.245,0.0001,0.0001
14.09.2016 07:11:56.912,47.31,47.25,0.0001,0
14.09.2016 07:11:58.144,47.31,47.255,0.0001,0
14.09.2016 07:12:00.303,47.31,47.25,0.0001,0.0001
14.09.2016 07:12:01.224,47.31,47.255,0.0001,0
14.09.2016 07:12:03.401,47.315,47.255,0.0001,0.0001
14.09.2016 07:12:04.007,47.31,47.255,0.0001,0
14.09.2016 07:12:05.103,47.305,47.255,0.0001,0
14.09.2016 07:12:05.323,47.31,47.255,0.0001,0
14.09.2016 07:12:07.006,47.315,47.255,0.0001,0.0001
14.09.2016 07:12:07.525,47.315,47.255,0.0001,0
14.09.2016 07:12:13.412,47.31,47.25,0.0001,0.0001
14.09.2016 07:12:13.654,47.31,47.255,0.0001,0
14.09.2016 07:12:25.330,47.315,47.255,0.0001,0.0001
14.09.2016 07:13:07.179,47.32,47.26,0.0001,0
14.09.2016 07:13:07.278,47.325,47.265,0.0001,0
14.09.2016 07:13:07.829,47.33,47.27,0.0001,0
14.09.2016 07:13:13.241,47.315,47.265,0.0001,0
14.09.2016 07:13:13.769,47.315,47.255,0.0001,0.0001
14.09.2016 07:13:18.674,47.315,47.255,0.0001,0
14.09.2016 07:13:26.306,47.305,47.245,0.0001,0.0001
14.09.2016 07:13:30.803,47.305,47.255,0.0001,0
14.09.2016 07:13:32.934,47.315,47.255,0.0001,0.0001
14.09.2016 07:13:34.019,47.315,47.255,0.0001,0
14.09.2016 07:13:43.231,47.305,47.245,0.0001,0.0001
14.09.2016 07:13:59.359,47.31,47.25,0.0001,0
14.09.2016 07:13:59.513,47.31,47.25,0.0001,0.0001
14.09.2016 07:14:00.190,47.305,47.25,0.0001,0
14.09.2016 07:14:00.261,47.31,47.25,0.0001,0.0001
14.09.2016 07:14:00.613,47.31,47.255,0.0001,0
14.09.2016 07:14:07.277,47.315,47.255,0.0001,0.0001
14.09.2016 07:14:07.542,47.315,47.255,0.0001,0
14.09.2016 07:14:16.092,47.305,47.25,0.0001,0
14.09.2016 07:14:16.188,47.315,47.255,0.0001,0
14.09.2016 07:14:17.600,47.315,47.255,0.0001,0.0001
14.09.2016 07:14:25.724,47.305,47.255,0.0001,0
14.09.2016 07:14:27.562,47.305,47.245,0.0001,0.0001
14.09.2016 07:15:00.953,47.31,47.25,0.0001,0
14.09.2016 07:15:01.232,47.31,47.255,0.0001,0
14.09.2016 07:15:09.857,47.305,47.255,0.0001,0
14.09.2016 07:15:11.132,47.305,47.245,0.0001,0.0001
14.09.2016 07:15:12.783,47.300000000000004,47.245,0.0001,0
14.09.2016 07:15:14.265,47.305,47.245,0.0001,0.0001
14.09.2016 07:15:20.592,47.305,47.25,0.0001,0
14.09.2016 07:15:21.836,47.305,47.245,0.0001,0.0001
14.09.2016 07:15:22.689,47.31,47.25,0.0001,0
14.09.2016 07:15:22.902,47.31,47.25,0.0001,0.0001
14.09.2016 07:15:23.892,47.31,47.255,0.0001,0
14.09.2016 07:15:26.290,47.315,47.255,0.0001,0.0001
14.09.2016 07:15:26.381,47.305,47.255,0.0001,0
14.09.2016 07:15:28.402,47.305,47.245,0.0001,0.0001
14.09.2016 07:15:32.130,47.295,47.245,0.0001,0
14.09.2016 07:15:32.252,47.295,47.235,0.0001,0.0001
14.09.2016 07:15:38.801,47.29,47.235,0.0001,0
14.09.2016 07:15:39.001,47.295,47.235,0.0001,0.0001
14.09.2016 07:15:39.292,47.295,47.235,0.0001,0
14.09.2016 07:15:40.552,47.29,47.230000000000004,0.0001,0.0001
14.09.2016 07:15:41.650,47.29,47.235,0.0001,0
14.09.2016 07:15:42.508,47.295,47.235,0.0001,0.0001
14.09.2016 07:15:43.209,47.305,47.245,0.0001,0
14.09.2016 07:15:43.689,47.300000000000004,47.245,0.0001,0
14.09.2016 07:15:54.103,47.305,47.245,0.0001,0.0001
14.09.2016 07:16:00.272,47.300000000000004,47.245,0.0001,0
14.09.2016 07:16:00.642,47.300000000000004,47.24,0.0001,0
14.09.2016 07:16:01.238,47.295,47.235,0.0001,0.0001
14.09.2016 07:16:06.747,47.300000000000004,47.24,0.0001,0
14.09.2016 07:16:08.724,47.295,47.235,0.0001,0.0001
14.09.2016 07:16:09.565,47.295,47.24,0.0001,0
14.09.2016 07:16:10.350,47.300000000000004,47.24,0.0001,0.0001
14.09.2016 07:16:13.511,47.300000000000004,47.245,0.0001,0
14.09.2016 07:16:15.932,47.300000000000004,47.24,0.0001,0.0001
14.09.2016 07:16:16.061,47.295,47.24,0.0001,0
14.09.2016 07:16:18.565,47.300000000000004,47.24,0.0001,0.0001
14.09.2016 07:16:19.026,47.300000000000004,47.245,0.0001,0
14.09.2016 07:16:29.352,47.300000000000004,47.24,0.0001,0
14.09.2016 07:16:31.286,47.295,47.235,0.0001,0.0001
14.09.2016 07:16:31.579,47.295,47.24,0.0001,0
14.09.2016 07:16:33.486,47.300000000000004,47.24,0.0001,0.0001
14.09.2016 07:16:33.641,47.300000000000004,47.24,0.0001,0
14.09.2016 07:16:38.096,47.295,47.235,0.0001,0.0001
14.09.2016 07:16:39.471,47.295,47.24,0.0001,0
14.09.2016 07:16:41.561,47.295,47.235,0.0001,0.0001
14.09.2016 07:16:59.151,47.305,47.245,0.0001,0
14.09.2016 07:16:59.202,47.305,47.245,0.0001,0.0001
14.09.2016 07:17:01.035,47.295,47.245,0.0001,0
14.09.2016 07:17:01.318,47.295,47.235,0.0001,0.0001
14.09.2016 07:17:28.562,47.295,47.24,0.0001,0
14.09.2016 07:17:31.988,47.300000000000004,47.24,0.0001,0.0001
14.09.2016 07:17:32.194,47.300000000000004,47.245,0.0001,0
14.09.2016 07:17:38.220,47.300000000000004,47.24,0.0001,0
14.09.2016 07:17:50.614,47.295,47.235,0.0001,0.0001
14.09.2016 07:17:50.797,47.31,47.25,0.0001,0
14.09.2016 07:17:50.898,47.305,47.245,0.0001,0.0001
14.09.2016 07:17:51.970,47.305,47.245,0.0001,0
14.09.2016 07:17:55.460,47.300000000000004,47.24,0.0001,0.0001
14.09.2016 07:17:56.526,47.295,47.24,0.0001,0
14.09.2016 07:17:57.480,47.295,47.245,0.0001,0
14.09.2016 07:18:00.357,47.300000000000004,47.245,0.0001,0
14.09.2016 07:18:00.425,47.300000000000004,47.24,0.0001,0.0001
14.09.2016 07:18:01.440,47.300000000000004,47.245,0.0001,0
14.09.2016 07:18:07.341,47.305,47.245,0.0001,0.0001
14.09.2016 07:18:07.441,47.300000000000004,47.245,0.0001,0
14.09.2016 07:18:19.062,47.305,47.245,0.0001,0.0001
14.09.2016 07:18:43.129,47.305,47.25,0.0001,0
14.09.2016 07:18:43.846,47.31,47.25,0.0001,0.0001
14.09.2016 07:18:45.989,47.31,47.25,0.0001,0
14.09.2016 07:18:55.564,47.305,47.245,0.0001,0.0001
14.09.2016 07:19:07.589,47.305,47.255,0.0001,0
14.09.2016 07:19:18.790,47.315,47.255,0.0001,0.0001
14.09.2016 07:19:31.758,47.315,47.265,0.0001,0
14.09.2016 07:19:41.716,47.325,47.265,0.0001,0.0001
14.09.2016 07:19:42.758,47.325,47.265,0.0001,0
14.09.2016 07:19:46.924,47.32,47.26,0.0001,0
14.09.2016 07:19:48.158,47.32,47.26,0.0001,0.0001
14.09.2016 07:19:49.377,47.32,47.26,0.0001,0
14.09.2016 07:19:49.725,47.315,47.255,0.0001,0.0001
14.09.2016 07:19:49.826,47.32,47.26,0.0001,0
14.09.2016 07:19:49.926,47.315,47.255,0.0001,0.0001
14.09.2016 07:19:50.294,47.315,47.26,0.0001,0
14.09.2016 07:19:51.734,47.32,47.26,0.0001,0.0001
14.09.2016 07:19:52.251,47.32,47.26,0.0001,0
14.09.2016 07:19:54.958,47.315,47.255,0.0001,0.0001
14.09.2016 07:19:56.838,47.315,47.26,0.0001,0
14.09.2016 07:19:56.889,47.32,47.26,0.0001,0.0001
14.09.2016 07:19:58.378,47.32,47.265,0.0001,0
14.09.2016 07:20:05.851,47.325,47.265,0.0001,0.0001
14.09.2016 07:20:05.951,47.32,47.265,0.0001,0
14.09.2016 07:20:11.060,47.33,47.27,0.0001,0
14.09.2016 07:20:14.579,47.325,47.265,0.0001,0.0001
14.09.2016 07:20:16.198,47.325,47.27,0.0001,0
14.09.2016 07:20:18.298,47.325,47.265,0.0001,0.0001
14.09.2016 07:20:38.867,47.325,47.265,0.0001,0
14.09.2016 07:20:42.299,47.32,47.26,0.0001,0.0001
14.09.2016 07:20:42.717,47.32,47.26,0.0001,0
14.09.2016 07:20:55.030,47.315,47.255,0.0001,0.0001
14.09.2016 07:20:58.643,47.32,47.26,0.0001,0
14.09.2016 07:20:59.217,47.32,47.265,0.0001,0
14.09.2016 07:21:04.745,47.325,47.265,0.0001,0.0001
14.09.2016 07:21:16.865,47.33,47.27,0.0001,0
14.09.2016 07:21:35.090,47.335,47.275,0.0001,0
14.09.2016 07:21:36.198,47.335,47.275,0.0001,0.0001
14.09.2016 07:22:00.219,47.33,47.275,0.0001,0
14.09.2016 07:22:00.826,47.33,47.27,0.0001,0
14.09.2016 07:22:11.229,47.325,47.265,0.0001,0.0001
14.09.2016 07:22:17.546,47.325,47.265,0.0001,0
14.09.2016 07:22:21.641,47.31,47.255,0.0001,0
14.09.2016 07:22:21.774,47.315,47.255,0.0001,0
14.09.2016 07:22:25.451,47.31,47.25,0.0001,0.0001
14.09.2016 07:22:26.295,47.305,47.25,0.0001,0
14.09.2016 07:22:27.665,47.305,47.255,0.0001,0
14.09.2016 07:22:40.062,47.315,47.255,0.0001,0.0001
14.09.2016 07:23:13.891,47.31,47.255,0.0001,0
14.09.2016 07:23:13.985,47.31,47.25,0.0001,0.0001
14.09.2016 07:23:15.619,47.305,47.25,0.0001,0
14.09.2016 07:23:16.093,47.305,47.245,0.0001,0.0001
14.09.2016 07:23:16.822,47.300000000000004,47.245,0.0001,0
14.09.2016 07:23:29.136,47.305,47.245,0.0001,0.0001
14.09.2016 07:23:37.885,47.305,47.245,0.0001,0
14.09.2016 07:23:49.260,47.295,47.235,0.0001,0.0001
14.09.2016 07:24:17.401,47.295,47.245,0.0001,0
14.09.2016 07:24:17.732,47.31,47.25,0.0001,0
14.09.2016 07:24:18.295,47.315,47.255,0.0001,0
14.09.2016 07:24:18.796,47.31,47.25,0.0001,0.0001
14.09.2016 07:24:19.574,47.31,47.25,0.0001,0
14.09.2016 07:24:30.711,47.305,47.245,0.0001,0.0001
14.09.2016 07:24:39.861,47.300000000000004,47.245,0.0001,0
14.09.2016 07:24:40.524,47.300000000000004,47.24,0.0001,0
14.09.2016 07:24:52.952,47.295,47.235,0.0001,0.0001
14.09.2016 07:25:01.855,47.300000000000004,47.24,0.0001,0
14.09.2016 07:25:02.044,47.300000000000004,47.24,0.0001,0.0001
14.09.2016 07:25:02.356,47.305,47.245,0.0001,0
14.09.2016 07:25:02.757,47.31,47.25,0.0001,0
14.09.2016 07:25:03.082,47.31,47.255,0.0001,0
14.09.2016 07:25:03.359,47.315,47.255,0.0001,0.0001
14.09.2016 07:25:04.066,47.315,47.26,0.0001,0
14.09.2016 07:25:05.465,47.31,47.26,0.0001,0
14.09.2016 07:25:06.934,47.31,47.25,0.0001,0.0001
14.09.2016 07:25:07.972,47.315,47.255,0.0001,0
14.09.2016 07:25:08.023,47.315,47.255,0.0001,0.0001
14.09.2016 07:25:08.605,47.31,47.255,0.0001,0
14.09.2016 07:25:12.294,47.315,47.255,0.0001,0.0001
14.09.2016 07:25:12.494,47.315,47.26,0.0001,0
14.09.2016 07:25:13.395,47.32,47.26,0.0001,0.0001
14.09.2016 07:25:16.564,47.32,47.26,0.0001,0
14.09.2016 07:25:19.604,47.315,47.255,0.0001,0.0001
14.09.2016 07:25:20.208,47.315,47.26,0.0001,0
14.09.2016 07:25:27.313,47.32,47.26,0.0001,0.0001
14.09.2016 07:25:27.684,47.32,47.265,0.0001,0
14.09.2016 07:25:34.924,47.33,47.27,0.0001,0
14.09.2016 07:25:36.154,47.33,47.27,0.0001,0.0001
14.09.2016 07:25:37.026,47.335,47.275,0.0001,0
14.09.2016 07:25:37.760,47.355000000000004,47.295,0.0001,0
14.09.2016 07:25:38.127,47.345,47.285000000000004,0.0001,0
14.09.2016 07:25:38.328,47.34,47.28,0.0001,0.0001
14.09.2016 07:25:38.700,47.34,47.285000000000004,0.0001,0
14.09.2016 07:25:50.442,47.345,47.285000000000004,0.0001,0.0001
14.09.2016 07:26:38.415,47.335,47.285000000000004,0.0001,0
14.09.2016 07:26:38.754,47.335,47.275,0.0001,0
14.09.2016 07:26:39.084,47.335,47.275,0.0001,0.0001
14.09.2016 07:26:43.223,47.34,47.28,0.0001,0
14.09.2016 07:26:57.550,47.33,47.275,0.0001,0
14.09.2016 07:27:04.762,47.34,47.28,0.0001,0
14.09.2016 07:27:06.810,47.335,47.275,0.0001,0.0001
14.09.2016 07:27:09.270,47.345,47.285000000000004,0.0001,0
14.09.2016 07:27:09.808,47.34,47.28,0.0001,0
14.09.2016 07:27:10.213,47.34,47.28,0.0001,0.0001
14.09.2016 07:27:14.479,47.335,47.28,0.0001,0
14.09.2016 07:27:14.579,47.34,47.28,0.0001,0.0001
14.09.2016 07:27:16.283,47.335,47.28,0.0001,0
14.09.2016 07:27:16.642,47.335,47.275,0.0001,0.0001
14.09.2016 07:27:18.362,47.335,47.28,0.0001,0
14.09.2016 07:27:20.136,47.34,47.28,0.0001,0.0001
14.09.2016 07:27:20.466,47.34,47.28,0.0001,0
14.09.2016 07:27:22.507,47.335,47.275,0.0001,0.0001
14.09.2016 07:27:22.652,47.335,47.28,0.0001,0
14.09.2016 07:27:23.795,47.345,47.285000000000004,0.0001,0
14.09.2016 07:27:26.722,47.345,47.285000000000004,0.0001,0.0001
14.09.2016 07:27:38.454,47.345,47.285000000000004,0.0001,0
14.09.2016 07:27:40.506,47.34,47.28,0.0001,0.0001
14.09.2016 07:27:41.462,47.34,47.28,0.0001,0
14.09.2016 07:27:45.264,47.335,47.275,0.0001,0.0001
14.09.2016 07:27:45.432,47.33,47.275,0.0001,0
14.09.2016 07:27:45.732,47.335,47.275,0.0001,0.0001
14.09.2016 07:27:55.250,47.33,47.275,0.0001,0
14.09.2016 07:27:56.043,47.325,47.275,0.0001,0
14.09.2016 07:27:56.143,47.33,47.275,0.0001,0
14.09.2016 07:27:57.745,47.335,47.275,0.0001,0.0001
14.09.2016 07:27:58.402,47.335,47.275,0.0001,0
14.09.2016 07:28:00.850,47.33,47.27,0.0001,0.0001
14.09.2016 07:28:01.592,47.33,47.27,0.0001,0
14.09.2016 07:28:03.554,47.325,47.265,0.0001,0.0001
14.09.2016 07:28:05.992,47.325,47.265,0.0001,0
14.09.2016 07:28:08.163,47.32,47.26,0.0001,0.0001
14.09.2016 07:28:09.412,47.32,47.265,0.0001,0
14.09.2016 07:28:09.513,47.325,47.265,0.0001,0.0001
14.09.2016 07:28:10.681,47.325,47.265,0.0001,0
14.09.2016 07:28:19.979,47.32,47.26,0.0001,0.0001
14.09.2016 07:28:21.072,47.32,47.265,0.0001,0
14.09.2016 07:28:23.184,47.325,47.265,0.0001,0.0001
14.09.2016 07:28:25.486,47.32,47.265,0.0001,0
14.09.2016 07:28:25.911,47.32,47.26,0.0001,0.0001
14.09.2016 07:28:27.561,47.32,47.26,0.0001,0
14.09.2016 07:28:27.903,47.315,47.255,0.0001,0.0001
14.09.2016 07:28:28.033,47.32,47.26,0.0001,0
14.09.2016 07:28:28.772,47.32,47.265,0.0001,0
14.09.2016 07:28:28.891,47.325,47.265,0.0001,0.0001
14.09.2016 07:28:29.030,47.33,47.27,0.0001,0
14.09.2016 07:28:30.091,47.33,47.275,0.0001,0
14.09.2016 07:28:40.321,47.335,47.275,0.0001,0.0001
14.09.2016 07:29:05.351,47.34,47.28,0.0001,0
14.09.2016 07:29:07.654,47.335,47.275,0.0001,0.0001
14.09.2016 07:29:08.921,47.335,47.28,0.0001,0
14.09.2016 07:29:14.110,47.345,47.285000000000004,0.0001,0
14.09.2016 07:29:16.841,47.345,47.285000000000004,0.0001,0.0001
14.09.2016 07:29:20.911,47.345,47.295,0.0001,0
14.09.2016 07:29:21.318,47.355000000000004,47.295,0.0001,0.0001
14.09.2016 07:29:35.825,47.35,47.295,0.0001,0
14.09.2016 07:29:38.966,47.355000000000004,47.295,0.0001,0.0001
14.09.2016 07:29:40.060,47.355000000000004,47.305,0.0001,0
14.09.2016 07:29:49.950,47.365,47.305,0.0001,0.0001
14.09.2016 07:29:57.563,47.355000000000004,47.305,0.0001,0
14.09.2016 07:29:57.880,47.355000000000004,47.295,0.0001,0.0001
14.09.2016 07:30:02.392,47.355000000000004,47.295,0.0001,0
14.09.2016 07:30:03.437,47.355000000000004,47.295,0.0001,0.0001
14.09.2016 07:30:04.717,47.365,47.305,0.0001,0
14.09.2016 07:30:07.020,47.355000000000004,47.295,0.0001,0.0001
14.09.2016 07:30:07.348,47.355000000000004,47.295,0.0001,0
14.09.2016 07:30:10.218,47.345,47.285000000000004,0.0001,0.0001
14.09.2016 07:30:10.432,47.345,47.285000000000004,0.0001,0
14.09.2016 07:30:15.799,47.335,47.275,0.0001,0.0001
14.09.2016 07:30:16.801,47.33,47.275,0.0001,0
14.09.2016 07:30:22.311,47.33,47.27,0.0001,0.0001
14.09.2016 07:30:22.406,47.315,47.27,0.0001,0
14.09.2016 07:30:23.413,47.315,47.255,0.0001,0.0001
14.09.2016 07:30:30.012,47.315,47.265,0.0001,0
14.09.2016 07:30:32.222,47.31,47.265,0.0001,0
14.09.2016 07:30:33.443,47.31,47.255,0.0001,0
14.09.2016 07:30:36.626,47.315,47.255,0.0001,0.0001
14.09.2016 07:30:38.922,47.315,47.255,0.0001,0
14.09.2016 07:30:42.957,47.305,47.245,0.0001,0.0001
14.09.2016 07:31:11.173,47.31,47.25,0.0001,0
14.09.2016 07:31:11.382,47.31,47.25,0.0001,0.0001
14.09.2016 07:31:13.461,47.31,47.25,0.0001,0
14.09.2016 07:31:23.890,47.305,47.245,0.0001,0.0001
14.09.2016 07:31:41.135,47.31,47.25,0.0001,0
14.09.2016 07:31:41.311,47.315,47.255,0.0001,0
14.09.2016 07:31:41.850,47.315,47.255,0.0001,0.0001
14.09.2016 07:31:54.167,47.31,47.255,0.0001,0
14.09.2016 07:31:55.233,47.305,47.255,0.0001,0
14.09.2016 07:31:56.811,47.305,47.245,0.0001,0.0001
14.09.2016 07:31:57.613,47.305,47.245,0.0001,0
14.09.2016 07:32:08.557,47.295,47.235,0.0001,0.0001
14.09.2016 07:32:08.741,47.295,47.24,0.0001,0
14.09.2016 07:32:11.569,47.300000000000004,47.24,0.0001,0.0001
14.09.2016 07:32:12.593,47.300000000000004,47.24,0.0001,0
14.09.2016 07:32:21.571,47.295,47.235,0.0001,0.0001
14.09.2016 07:32:21.817,47.295,47.245,0.0001,0
14.09.2016 07:32:23.373,47.305,47.245,0.0001,0.0001
14.09.2016 07:32:23.903,47.305,47.245,0.0001,0
14.09.2016 07:32:36.406,47.300000000000004,47.24,0.0001,0.0001
14.09.2016 07:32:36.485,47.295,47.24,0.0001,0
14.09.2016 07:32:37.520,47.295,47.235,0.0001,0.0001
14.09.2016 07:32:41.090,47.29,47.235,0.0001,0
14.09.2016 07:32:42.292,47.295,47.235,0.0001,0.0001
14.09.2016 07:32:43.239,47.295,47.235,0.0001,0
14.09.2016 07:32:45.900,47.29,47.230000000000004,0.0001,0
14.09.2016 07:32:48.299,47.29,47.235,0.0001,0
14.09.2016 07:32:51.577,47.295,47.235,0.0001,0.0001
14.09.2016 07:32:51.710,47.295,47.24,0.0001,0
14.09.2016 07:32:52.041,47.300000000000004,47.24,0.0001,0.0001
14.09.2016 07:32:52.699,47.300000000000004,47.24,0.0001,0
14.09.2016 07:33:07.550,47.295,47.235,0.0001,0.0001
14.09.2016 07:33:20.979,47.295,47.235,0.0001,0
14.09.2016 07:33:34.961,47.285000000000004,47.225,0.0001,0.0001
14.09.2016 07:33:36.263,47.295,47.235,0.0001,0
14.09.2016 07:33:36.489,47.295,47.235,0.0001,0.0001
14.09.2016 07:33:37.901,47.305,47.245,0.0001,0
14.09.2016 07:33:38.469,47.305,47.245,0.0001,0.0001
14.09.2016 07:33:40.495,47.305,47.245,0.0001,0
14.09.2016 07:33:45.694,47.295,47.235,0.0001,0.0001
14.09.2016 07:33:48.039,47.295,47.245,0.0001,0
14.09.2016 07:33:49.609,47.305,47.245,0.0001,0.0001
14.09.2016 07:33:50.239,47.305,47.245,0.0001,0
14.09.2016 07:33:52.092,47.300000000000004,47.24,0.0001,0.0001
14.09.2016 07:33:52.328,47.300000000000004,47.245,0.0001,0
14.09.2016 07:34:03.094,47.305,47.245,0.0001,0.0001
14.09.2016 07:34:03.241,47.305,47.25,0.0001,0
14.09.2016 07:34:04.396,47.315,47.255,0.0001,0
14.09.2016 07:34:05.498,47.31,47.25,0.0001,0.0001
14.09.2016 07:34:06.748,47.31,47.25,0.0001,0
14.09.2016 07:34:07.078,47.31,47.25,0.0001,0.0001
14.09.2016 07:34:08.398,47.31,47.25,0.0001,0
14.09.2016 07:34:08.902,47.305,47.245,0.0001,0.0001
14.09.2016 07:34:09.498,47.305,47.25,0.0001,0
14.09.2016 07:34:17.139,47.31,47.25,0.0001,0.0001
14.09.2016 07:34:18.298,47.31,47.255,0.0001,0
14.09.2016 07:34:22.616,47.315,47.255,0.0001,0.0001
14.09.2016 07:34:23.138,47.315,47.255,0.0001,0
14.09.2016 07:34:23.617,47.305,47.245,0.0001,0.0001
14.09.2016 07:34:24.179,47.31,47.25,0.0001,0.0001
14.09.2016 07:34:26.218,47.31,47.25,0.0001,0
14.09.2016 07:34:32.233,47.305,47.245,0.0001,0.0001
14.09.2016 07:34:33.368,47.305,47.255,0.0001,0
14.09.2016 07:34:40.526,47.315,47.255,0.0001,0.0001
14.09.2016 07:34:41.516,47.315,47.265,0.0001,0
14.09.2016 07:34:44.752,47.32,47.265,0.0001,0
14.09.2016 07:34:45.358,47.325,47.265,0.0001,0.0001
14.09.2016 07:34:45.908,47.325,47.265,0.0001,0
14.09.2016 07:34:59.776,47.32,47.26,0.0001,0.0001
14.09.2016 07:35:07.945,47.32,47.26,0.0001,0
14.09.2016 07:35:12.585,47.315,47.255,0.0001,0.0001
14.09.2016 07:35:12.685,47.315,47.255,0.0001,0
14.09.2016 07:35:14.086,47.31,47.25,0.0001,0.0001
14.09.2016 07:35:16.251,47.31,47.255,0.0001,0
14.09.2016 07:35:29.806,47.315,47.255,0.0001,0.0001
14.09.2016 07:35:42.215,47.32,47.26,0.0001,0
14.09.2016 07:35:42.474,47.32,47.265,0.0001,0
14.09.2016 07:35:56.033,47.325,47.265,0.0001,0.0001
14.09.2016 07:35:58.214,47.325,47.275,0.0001,0
14.09.2016 07:36:03.785,47.335,47.275,0.0001,0.0001
14.09.2016 07:36:03.956,47.335,47.275,0.0001,0
14.09.2016 07:36:04.929,47.33,47.27,0.0001,0.0001
14.09.2016 07:36:07.784,47.33,47.27,0.0001,0
14.09.2016 07:36:15.483,47.32,47.265,0.0001,0
14.09.2016 07:36:17.574,47.32,47.26,0.0001,0
14.09.2016 07:36:26.221,47.315,47.255,0.0001,0.0001
14.09.2016 07:36:26.550,47.325,47.265,0.0001,0
14.09.2016 07:36:28.244,47.325,47.265,0.0001,0.0001
14.09.2016 07:36:38.253,47.325,47.27,0.0001,0
14.09.2016 07:36:38.621,47.33,47.27,0.0001,0.0001
14.09.2016 07:36:39.243,47.33,47.27,0.0001,0
14.09.2016 07:36:49.044,47.325,47.265,0.0001,0.0001
14.09.2016 07:36:49.143,47.325,47.265,0.0001,0
14.09.2016 07:36:49.331,47.315,47.26,0.0001,0
14.09.2016 07:36:50.463,47.315,47.255,0.0001,0.0001
14.09.2016 07:36:53.538,47.31,47.255,0.0001,0
14.09.2016 07:36:53.653,47.31,47.25,0.0001,0.0001
14.09.2016 07:36:55.240,47.305,47.25,0.0001,0
14.09.2016 07:36:56.843,47.305,47.245,0.0001,0.0001
14.09.2016 07:36:57.750,47.305,47.245,0.0001,0
14.09.2016 07:37:05.751,47.295,47.235,0.0001,0.0001
14.09.2016 07:37:21.312,47.305,47.245,0.0001,0
14.09.2016 07:37:21.483,47.305,47.245,0.0001,0.0001
14.09.2016 07:37:29.161,47.305,47.25,0.0001,0
14.09.2016 07:37:33.424,47.31,47.25,0.0001,0.0001
14.09.2016 07:37:33.474,47.31,47.25,0.0001,0
14.09.2016 07:37:38.588,47.305,47.245,0.0001,0.0001
14.09.2016 07:37:38.752,47.305,47.25,0.0001,0
14.09.2016 07:37:40.489,47.31,47.25,0.0001,0.0001
14.09.2016 07:37:40.996,47.31,47.255,0.0001,0
14.09.2016 07:37:52.310,47.315,47.255,0.0001,0.0001
14.09.2016 07:37:53.502,47.315,47.255,0.0001,0
14.09.2016 07:37:56.707,47.305,47.245,0.0001,0.0001
14.09.2016 07:37:58.122,47.305,47.245,0.0001,0
14.09.2016 07:38:07.217,47.300000000000004,47.24,0.0001,0.0001
14.09.2016 07:38:10.621,47.295,47.24,0.0001,0
14.09.2016 07:38:11.432,47.295,47.235,0.0001,0
14.09.2016 07:38:12.323,47.285000000000004,47.225,0.0001,0.0001
14.09.2016 07:38:13.412,47.285000000000004,47.230000000000004,0.0001,0
14.09.2016 07:38:26.238,47.29,47.230000000000004,0.0001,0.0001
14.09.2016 07:38:27.239,47.295,47.235,0.0001,0
14.09.2016 07:38:27.943,47.295,47.24,0.0001,0
14.09.2016 07:38:31.123,47.300000000000004,47.24,0.0001,0.0001
14.09.2016 07:38:31.572,47.300000000000004,47.24,0.0001,0
14.09.2016 07:38:42.253,47.295,47.235,0.0001,0.0001
14.09.2016 07:38:45.157,47.300000000000004,47.24,0.0001,0
14.09.2016 07:38:45.982,47.300000000000004,47.24,0.0001,0.0001
14.09.2016 07:38:46.317,47.31,47.25,0.0001,0
14.09.2016 07:38:46.368,47.305,47.245,0.0001,0
14.09.2016 07:38:46.460,47.300000000000004,47.24,0.0001,0.0001
14.09.2016 07:38:48.512,47.300000000000004,47.245,0.0001,0
14.09.2016 07:38:49.832,47.300000000000004,47.24,0.0001,0.0001
14.09.2016 07:38:50.365,47.295,47.24,0.0001,0
14.09.2016 07:38:50.714,47.29,47.235,0.0001,0
14.09.2016 07:38:53.370,47.295,47.235,0.0001,0.0001
14.09.2016 07:38:53.682,47.295,47.24,0.0001,0
14.09.2016 07:38:59.177,47.300000000000004,47.24,0.0001,0.0001
14.09.2016 07:39:00.282,47.300000000000004,47.245,0.0001,0
14.09.2016 07:39:11.394,47.305,47.245,0.0001,0.0001
14.09.2016 07:39:11.532,47.300000000000004,47.245,0.0001,0
14.09.2016 07:39:11.612,47.300000000000004,47.24,0.0001,0.0001
14.09.2016 07:39:12.818,47.300000000000004,47.24,0.0001,0
14.09.2016 07:39:15.093,47.295,47.235,0.0001,0.0001
14.09.2016 07:39:16.708,47.295,47.24,0.0001,0
14.09.2016 07:39:17.196,47.300000000000004,47.24,0.0001,0.0001
14.09.2016 07:39:18.365,47.300000000000004,47.245,0.0001,0
14.09.2016 07:39:20.801,47.305,47.245,0.0001,0.0001
14.09.2016 07:39:21.521,47.305,47.25,0.0001,0
14.09.2016 07:39:38.251,47.31,47.25,0.0001,0.0001
14.09.2016 07:39:38.582,47.31,47.255,0.0001,0
14.09.2016 07:39:45.037,47.315,47.255,0.0001,0.0001
14.09.2016 07:39:45.138,47.33,47.27,0.0001,0
14.09.2016 07:39:47.607,47.33,47.275,0.0001,0
14.09.2016 07:39:57.152,47.345,47.285000000000004,0.0001,0
14.09.2016 07:39:58.155,47.34,47.28,0.0001,0.0001
14.09.2016 07:39:59.252,47.34,47.28,0.0001,0
14.09.2016 07:40:04.663,47.335,47.275,0.0001,0.0001
14.09.2016 07:40:06.180,47.335,47.275,0.0001,0
14.09.2016 07:40:08.896,47.325,47.265,0.0001,0.0001
14.09.2016 07:40:09.041,47.325,47.27,0.0001,0
14.09.2016 07:40:10.031,47.325,47.265,0.0001,0.0001
14.09.2016 07:40:10.671,47.31,47.265,0.0001,0
14.09.2016 07:40:11.021,47.31,47.25,0.0001,0
14.09.2016 07:40:13.374,47.305,47.245,0.0001,0.0001
14.09.2016 07:40:13.770,47.305,47.245,0.0001,0
14.09.2016 07:40:13.875,47.300000000000004,47.24,0.0001,0.0001
14.09.2016 07:40:13.976,47.305,47.245,0.0001,0
14.09.2016 07:40:14.076,47.300000000000004,47.24,0.0001,0.0001
14.09.2016 07:40:15.678,47.305,47.245,0.0001,0
14.09.2016 07:40:15.970,47.305,47.245,0.0001,0.0001
14.09.2016 07:40:16.880,47.295,47.245,0.0001,0
14.09.2016 07:40:17.423,47.295,47.235,0.0001,0.0001
14.09.2016 07:40:20.196,47.29,47.235,0.0001,0
14.09.2016 07:40:27.392,47.300000000000004,47.24,0.0001,0
14.09.2016 07:40:28.194,47.295,47.235,0.0001,0.0001
14.09.2016 07:40:28.294,47.29,47.235,0.0001,0
14.09.2016 07:40:28.840,47.29,47.230000000000004,0.0001,0
14.09.2016 07:40:30.230,47.285000000000004,47.225,0.0001,0.0001
14.09.2016 07:40:35.806,47.295,47.235,0.0001,0
14.09.2016 07:40:36.240,47.29,47.230000000000004,0.0001,0
14.09.2016 07:40:36.430,47.29,47.235,0.0001,0
14.09.2016 07:40:38.629,47.29,47.230000000000004,0.0001,0
14.09.2016 07:40:45.317,47.285000000000004,47.225,0.0001,0.0001
14.09.2016 07:41:03.952,47.29,47.230000000000004,0.0001,0
14.09.2016 07:41:04.653,47.285000000000004,47.225,0.0001,0.0001
14.09.2016 07:41:38.793,47.285000000000004,47.225,0.0001,0
14.09.2016 07:42:07.840,47.28,47.22,0.0001,0
14.09.2016 07:42:07.970,47.28,47.22,0.0001,0.0001
14.09.2016 07:42:08.996,47.28,47.22,0.0001,0
14.09.2016 07:42:27.363,47.275,47.215,0.0001,0.0001
14.09.2016 07:42:37.074,47.265,47.215,0.0001,0
14.09.2016 07:42:37.568,47.265,47.205,0.0001,0.0001
14.09.2016 07:42:41.381,47.26,47.205,0.0001,0
14.09.2016 07:42:41.782,47.26,47.2,0.0001,0
14.09.2016 07:42:42.582,47.255,47.195,0.0001,0.0001
14.09.2016 07:42:47.358,47.255,47.205,0.0001,0
14.09.2016 07:42:48.191,47.265,47.205,0.0001,0.0001
14.09.2016 07:42:48.500,47.265,47.205,0.0001,0
14.09.2016 07:42:49.494,47.255,47.195,0.0001,0.0001
14.09.2016 07:42:49.593,47.25,47.195,0.0001,0
14.09.2016 07:42:53.712,47.245,47.195,0.0001,0
14.09.2016 07:42:53.798,47.25,47.195,0.0001,0
14.09.2016 07:42:57.138,47.255,47.195,0.0001,0.0001
14.09.2016 07:42:57.368,47.255,47.195,0.0001,0
14.09.2016 07:42:58.804,47.245,47.185,0.0001,0.0001
14.09.2016 07:42:59.458,47.245,47.195,0.0001,0
14.09.2016 07:42:59.946,47.255,47.195,0.0001,0.0001
14.09.2016 07:43:00.234,47.26,47.2,0.0001,0
14.09.2016 07:43:00.692,47.255,47.195,0.0001,0.0001
14.09.2016 07:43:01.022,47.26,47.2,0.0001,0
14.09.2016 07:43:01.548,47.26,47.205,0.0001,0
14.09.2016 07:43:04.822,47.265,47.205,0.0001,0.0001
14.09.2016 07:43:07.318,47.275,47.215,0.0001,0
14.09.2016 07:43:07.618,47.28,47.22,0.0001,0
14.09.2016 07:43:10.823,47.275,47.215,0.0001,0.0001
14.09.2016 07:43:10.992,47.285000000000004,47.225,0.0001,0
14.09.2016 07:43:11.360,47.285000000000004,47.225,0.0001,0.0001
14.09.2016 07:43:11.526,47.29,47.230000000000004,0.0001,0
14.09.2016 07:43:11.827,47.295,47.235,0.0001,0
14.09.2016 07:43:12.558,47.295,47.24,0.0001,0
14.09.2016 07:43:12.828,47.300000000000004,47.24,0.0001,0.0001
14.09.2016 07:43:13.212,47.305,47.245,0.0001,0
14.09.2016 07:43:13.547,47.305,47.25,0.0001,0
14.09.2016 07:43:14.738,47.31,47.25,0.0001,0.0001
14.09.2016 07:43:15.541,47.305,47.25,0.0001,0
14.09.2016 07:43:16.783,47.295,47.25,0.0001,0
14.09.2016 07:43:17.220,47.300000000000004,47.25,0.0001,0
14.09.2016 07:43:17.618,47.300000000000004,47.245,0.0001,0
14.09.2016 07:43:22.253,47.315,47.255,0.0001,0
14.09.2016 07:43:22.794,47.315,47.255,0.0001,0.0001
14.09.2016 07:43:31.395,47.32,47.26,0.0001,0
14.09.2016 07:43:31.468,47.315,47.255,0.0001,0.0001
14.09.2016 07:43:32.188,47.305,47.255,0.0001,0
14.09.2016 07:43:32.318,47.31,47.255,0.0001,0
14.09.2016 07:43:32.570,47.315,47.255,0.0001,0.0001
14.09.2016 07:43:32.871,47.31,47.255,0.0001,0
14.09.2016 07:43:33.401,47.315,47.255,0.0001,0.0001
14.09.2016 07:43:35.289,47.32,47.26,0.0001,0
14.09.2016 07:43:36.867,47.32,47.26,0.0001,0.0001
14.09.2016 07:43:36.918,47.315,47.26,0.0001,0
14.09.2016 07:43:36.979,47.32,47.26,0.0001,0.0001
14.09.2016 07:43:37.528,47.32,47.265,0.0001,0
14.09.2016 07:43:44.896,47.315,47.265,0.0001,0
14.09.2016 07:43:44.996,47.32,47.265,0.0001,0
14.09.2016 07:43:47.299,47.315,47.265,0.0001,0
14.09.2016 07:43:48.200,47.32,47.265,0.0001,0
14.09.2016 07:43:48.307,47.32,47.26,0.0001,0.0001
14.09.2016 07:43:49.209,47.32,47.265,0.0001,0
14.09.2016 07:43:50.328,47.32,47.26,0.0001,0
14.09.2016 07:44:01.119,47.315,47.255,0.0001,0.0001
14.09.2016 07:44:02.286,47.315,47.255,0.0001,0
14.09.2016 07:44:09.828,47.305,47.245,0.0001,0.0001
14.09.2016 07:44:10.430,47.315,47.255,0.0001,0
14.09.2016 07:44:11.957,47.315,47.255,0.0001,0.0001
14.09.2016 07:44:12.779,47.31,47.255,0.0001,0
14.09.2016 07:44:12.832,47.305,47.255,0.0001,0
14.09.2016 07:44:12.947,47.305,47.245,0.0001,0.0001
14.09.2016 07:44:13.733,47.31,47.25,0.0001,0
14.09.2016 07:44:14.047,47.31,47.25,0.0001,0.0001
14.09.2016 07:44:14.735,47.305,47.25,0.0001,0
14.09.2016 07:44:14.835,47.315,47.255,0.0001,0
14.09.2016 07:44:15.736,47.31,47.25,0.0001,0.0001
14.09.2016 07:44:16.541,47.305,47.25,0.0001,0
14.09.2016 07:44:17.027,47.305,47.255,0.0001,0
14.09.2016 07:44:17.237,47.31,47.255,0.0001,0
14.09.2016 07:44:17.347,47.31,47.25,0.0001,0.0001
14.09.2016 07:44:18.337,47.31,47.255,0.0001,0
14.09.2016 07:44:24.847,47.315,47.255,0.0001,0.0001
14.09.2016 07:44:27.350,47.31,47.255,0.0001,0
14.09.2016 07:44:27.401,47.31,47.25,0.0001,0.0001
14.09.2016 07:44:28.346,47.31,47.25,0.0001,0
14.09.2016 07:44:31.125,47.315,47.255,0.0001,0
14.09.2016 07:44:31.355,47.305,47.245,0.0001,0.0001
14.09.2016 07:44:31.456,47.31,47.25,0.0001,0
14.09.2016 07:44:43.171,47.305,47.245,0.0001,0.0001
14.09.2016 07:44:59.292,47.300000000000004,47.245,0.0001,0
14.09.2016 07:45:01.576,47.300000000000004,47.24,0.0001,0.0001
14.09.2016 07:45:02.197,47.305,47.245,0.0001,0
14.09.2016 07:45:08.412,47.295,47.24,0.0001,0
14.09.2016 07:45:09.386,47.295,47.235,0.0001,0
14.09.2016 07:45:12.022,47.29,47.230000000000004,0.0001,0.0001
14.09.2016 07:45:12.246,47.29,47.235,0.0001,0
14.09.2016 07:45:12.687,47.295,47.235,0.0001,0.0001
14.09.2016 07:45:13.236,47.295,47.235,0.0001,0
14.09.2016 07:45:14.921,47.29,47.230000000000004,0.0001,0.0001
14.09.2016 07:45:17.416,47.29,47.230000000000004,0.0001,0
14.09.2016 07:45:28.541,47.285000000000004,47.225,0.0001,0.0001
14.09.2016 07:45:29.296,47.285000000000004,47.225,0.0001,0
14.09.2016 07:45:29.641,47.28,47.22,0.0001,0
14.09.2016 07:45:30.506,47.28,47.22,0.0001,0.0001
14.09.2016 07:45:31.396,47.28,47.22,0.0001,0
14.09.2016 07:45:32.345,47.27,47.215,0.0001,0
14.09.2016 07:45:32.546,47.27,47.21,0.0001,0.0001
14.09.2016 07:45:33.536,47.27,47.215,0.0001,0
14.09.2016 07:45:38.619,47.275,47.215,0.0001,0.0001
14.09.2016 07:45:39.331,47.275,47.215,0.0001,0
14.09.2016 07:45:39.527,47.27,47.21,0.0001,0.0001
14.09.2016 07:45:39.578,47.265,47.21,0.0001,0
14.09.2016 07:45:40.653,47.265,47.205,0.0001,0.0001
14.09.2016 07:45:42.761,47.265,47.21,0.0001,0
14.09.2016 07:45:50.267,47.27,47.21,0.0001,0.0001
14.09.2016 07:45:50.768,47.275,47.215,0.0001,0
14.09.2016 07:45:50.868,47.27,47.21,0.0001,0.0001
14.09.2016 07:45:51.314,47.27,47.215,0.0001,0
14.09.2016 07:45:53.872,47.275,47.215,0.0001,0.0001
14.09.2016 07:45:54.673,47.27,47.215,0.0001,0
14.09.2016 07:45:59.477,47.275,47.215,0.0001,0.0001
14.09.2016 07:46:00.236,47.275,47.215,0.0001,0
14.09.2016 07:46:00.406,47.27,47.21,0.0001,0.0001
14.09.2016 07:46:01.206,47.27,47.21,0.0001,0
14.09.2016 07:46:01.351,47.265,47.205,0.0001,0.0001
14.09.2016 07:46:01.401,47.275,47.215,0.0001,0
14.09.2016 07:46:03.296,47.275,47.215,0.0001,0.0001
14.09.2016 07:46:04.958,47.265,47.215,0.0001,0
14.09.2016 07:46:06.926,47.265,47.205,0.0001,0.0001
14.09.2016 07:46:16.397,47.275,47.215,0.0001,0
14.09.2016 07:46:17.485,47.275,47.215,0.0001,0.0001
14.09.2016 07:46:19.201,47.28,47.22,0.0001,0
14.09.2016 07:46:19.465,47.28,47.22,0.0001,0.0001
14.09.2016 07:46:20.455,47.28,47.225,0.0001,0
14.09.2016 07:46:25.106,47.295,47.225,0.0001,0
14.09.2016 07:46:28.465,47.275,47.225,0.0001,0
14.09.2016 07:46:28.705,47.275,47.215,0.0001,0.0001
14.09.2016 07:46:37.506,47.275,47.215,0.0001,0
14.09.2016 07:46:40.049,47.265,47.205,0.0001,0.0001
14.09.2016 07:46:40.131,47.27,47.21,0.0001,0
14.09.2016 07:46:40.181,47.27,47.21,0.0001,0.0001
14.09.2016 07:46:41.127,47.265,47.21,0.0001,0
14.09.2016 07:46:41.246,47.265,47.205,0.0001,0.0001
14.09.2016 07:46:42.235,47.265,47.21,0.0001,0
14.09.2016 07:46:53.541,47.27,47.21,0.0001,0.0001
14.09.2016 07:46:53.942,47.275,47.215,0.0001,0
14.09.2016 07:46:56.535,47.275,47.215,0.0001,0.0001
14.09.2016 07:47:05.957,47.27,47.215,0.0001,0
14.09.2016 07:47:06.007,47.27,47.21,0.0001,0.0001
14.09.2016 07:47:06.455,47.265,47.21,0.0001,0
14.09.2016 07:47:07.158,47.27,47.21,0.0001,0.0001
14.09.2016 07:47:07.357,47.275,47.215,0.0001,0
14.09.2016 07:47:09.826,47.27,47.21,0.0001,0.0001
14.09.2016 07:47:10.065,47.27,47.215,0.0001,0
14.09.2016 07:47:17.513,47.275,47.215,0.0001,0.0001
14.09.2016 07:47:17.783,47.275,47.215,0.0001,0
14.09.2016 07:47:17.834,47.27,47.21,0.0001,0.0001
14.09.2016 07:47:18.645,47.27,47.21,0.0001,0
14.09.2016 07:47:26.393,47.265,47.205,0.0001,0.0001
14.09.2016 07:47:31.801,47.27,47.21,0.0001,0
14.09.2016 07:47:31.954,47.27,47.21,0.0001,0.0001
14.09.2016 07:47:32.945,47.27,47.215,0.0001,0
14.09.2016 07:47:40.616,47.275,47.215,0.0001,0.0001
14.09.2016 07:47:41.216,47.285000000000004,47.225,0.0001,0
14.09.2016 07:47:41.634,47.285000000000004,47.225,0.0001,0.0001
14.09.2016 07:48:02.753,47.29,47.230000000000004,0.0001,0
14.09.2016 07:48:06.156,47.28,47.225,0.0001,0
14.09.2016 07:48:08.145,47.28,47.22,0.0001,0
14.09.2016 07:48:09.562,47.285000000000004,47.225,0.0001,0
14.09.2016 07:48:10.124,47.285000000000004,47.225,0.0001,0.0001
14.09.2016 07:48:14.910,47.28,47.225,0.0001,0
14.09.2016 07:48:28.587,47.285000000000004,47.225,0.0001,0.0001
14.09.2016 07:48:31.693,47.285000000000004,47.230000000000004,0.0001,0
14.09.2016 07:48:34.094,47.29,47.230000000000004,0.0001,0.0001
14.09.2016 07:48:36.097,47.285000000000004,47.230000000000004,0.0001,0
14.09.2016 07:48:36.754,47.285000000000004,47.225,0.0001,0.0001
14.09.2016 07:48:37.524,47.285000000000004,47.230000000000004,0.0001,0
14.09.2016 07:48:39.187,47.29,47.230000000000004,0.0001,0.0001
14.09.2016 07:48:39.724,47.29,47.235,0.0001,0
14.09.2016 07:48:44.015,47.29,47.230000000000004,0.0001,0
14.09.2016 07:48:52.923,47.295,47.235,0.0001,0
14.09.2016 07:48:53.033,47.295,47.235,0.0001,0.0001
14.09.2016 07:48:55.126,47.29,47.235,0.0001,0
14.09.2016 07:48:55.426,47.28,47.235,0.0001,0
14.09.2016 07:48:55.575,47.285000000000004,47.235,0.0001,0
14.09.2016 07:48:56.443,47.285000000000004,47.230000000000004,0.0001,0
14.09.2016 07:48:58.423,47.285000000000004,47.225,0.0001,0.0001
14.09.2016 07:49:00.403,47.285000000000004,47.230000000000004,0.0001,0
14.09.2016 07:49:04.640,47.29,47.230000000000004,0.0001,0.0001
14.09.2016 07:49:06.042,47.285000000000004,47.230000000000004,0.0001,0
14.09.2016 07:49:06.342,47.29,47.230000000000004,0.0001,0.0001
14.09.2016 07:49:08.344,47.29,47.235,0.0001,0
14.09.2016 07:49:14.751,47.295,47.235,0.0001,0.0001
14.09.2016 07:49:14.970,47.305,47.245,0.0001,0
14.09.2016 07:49:15.402,47.300000000000004,47.24,0.0001,0
14.09.2016 07:49:17.573,47.300000000000004,47.245,0.0001,0
14.09.2016 07:49:31.973,47.31,47.25,0.0001,0
14.09.2016 07:49:33.177,47.315,47.255,0.0001,0
14.09.2016 07:49:33.313,47.315,47.255,0.0001,0.0001
14.09.2016 07:49:33.979,47.32,47.26,0.0001,0
14.09.2016 07:49:46.393,47.315,47.255,0.0001,0.0001
14.09.2016 07:49:58.113,47.31,47.255,0.0001,0
14.09.2016 07:49:58.502,47.31,47.25,0.0001,0
14.09.2016 07:50:04.927,47.305,47.245,0.0001,0.0001
14.09.2016 07:50:08.292,47.305,47.245,0.0001,0
14.09.2016 07:50:08.871,47.300000000000004,47.24,0.0001,0
14.09.2016 07:50:09.282,47.300000000000004,47.24,0.0001,0.0001
14.09.2016 07:50:13.131,47.305,47.245,0.0001,0
14.09.2016 07:50:13.242,47.305,47.245,0.0001,0.0001
14.09.2016 07:50:16.106,47.305,47.25,0.0001,0
14.09.2016 07:50:24.944,47.31,47.25,0.0001,0.0001
14.09.2016 07:50:27.212,47.31,47.25,0.0001,0
14.09.2016 07:50:27.348,47.305,47.245,0.0001,0.0001
14.09.2016 07:50:28.432,47.305,47.245,0.0001,0
14.09.2016 07:50:30.509,47.305,47.245,0.0001,0.0001
14.09.2016 07:50:31.053,47.300000000000004,47.245,0.0001,0
14.09.2016 07:50:31.392,47.300000000000004,47.24,0.0001,0
14.09.2016 07:50:42.768,47.295,47.235,0.0001,0.0001
14.09.2016 07:50:47.605,47.295,47.245,0.0001,0
14.09.2016 07:50:48.715,47.305,47.245,0.0001,0.0001
14.09.2016 07:50:48.919,47.31,47.25,0.0001,0
14.09.2016 07:50:49.578,47.305,47.255,0.0001,0
14.09.2016 07:50:50.589,47.305,47.25,0.0001,0
14.09.2016 07:50:50.974,47.31,47.25,0.0001,0.0001
14.09.2016 07:50:51.039,47.315,47.255,0.0001,0
14.09.2016 07:50:51.688,47.315,47.255,0.0001,0.0001
14.09.2016 07:50:53.732,47.315,47.26,0.0001,0
14.09.2016 07:50:54.802,47.32,47.26,0.0001,0.0001
14.09.2016 07:50:57.471,47.32,47.265,0.0001,0
14.09.2016 07:50:58.201,47.325,47.265,0.0001,0.0001
14.09.2016 07:50:58.517,47.325,47.265,0.0001,0
14.09.2016 07:50:58.602,47.32,47.26,0.0001,0.0001
14.09.2016 07:50:58.802,47.325,47.265,0.0001,0
14.09.2016 07:51:00.606,47.32,47.26,0.0001,0.0001
14.09.2016 07:51:00.790,47.32,47.265,0.0001,0
14.09.2016 07:51:01.708,47.325,47.265,0.0001,0.0001
14.09.2016 07:51:02.862,47.325,47.265,0.0001,0
14.09.2016 07:51:04.411,47.315,47.26,0.0001,0
14.09.2016 07:51:06.982,47.315,47.255,0.0001,0.0001
14.09.2016 07:51:07.517,47.32,47.26,0.0001,0
14.09.2016 07:51:08.691,47.32,47.265,0.0001,0
14.09.2016 07:51:09.219,47.325,47.265,0.0001,0.0001
14.09.2016 07:51:09.681,47.325,47.27,0.0001,0
14.09.2016 07:51:10.622,47.335,47.275,0.0001,0
14.09.2016 07:51:11.991,47.335,47.28,0.0001,0
14.09.2016 07:51:13.067,47.345,47.285000000000004,0.0001,0
14.09.2016 07:51:30.449,47.335,47.275,0.0001,0.0001
